2727 3901
535 227 678 278 PRO
721 226 931 276 REGE
972 225 1367 278 DEIOTARO
1414 225 1708 276 ORATIO.
1800 213 1872 297 ῥῷ
1921 212 2107 277 8—12.
2191 232 2271 298 33

379 387 572 445 solum
613 386 672 443 in
713 406 847 446 eum
890 405 1009 446 non
1057 385 1519 458 animadvertisti,
1563 386 1665 444 sed
1706 386 1870 445 omni
1911 396 2069 445 metu
2110 385 2275 445 liber-

378 485 554 556 avisti,
585 485 876 562 hospitem
919 485 1222 563 agnovisti,
1250 504 1450 562 regem
1492 485 1785 562 reliquisti.
1870 483 2079 561 Neque
2122 485 2277 544 enirn

382 583 471 641 ille
501 584 637 642 odio
667 584 747 642 tui
776 602 1117 662 progressus
1146 594 1250 654 est,
1281 583 1383 642 sed
1410 601 1599 641 errore
1629 582 1925 642 communi
1954 583 2148 660 lapsus
2175 595 2277 641 est.

335 691 342 702 “
381 683 441 741 Is
469 701 586 753 rex,
617 702 794 760 quem
838 692 1072 742 senatus
1113 681 1226 741 hoc
1268 682 1508 741 nomine
1552 700 1728 758 saepe
1768 682 2277 772 bonorificentissi-

379 781 490 840 mis
532 781 774 840 decretis
816 780 1232 857 appellavisset,
1277 780 1494 857 quique
1538 781 1699 838 illum
1741 780 2006 838 ordinem
2056 781 2133 838 ab
2177 780 2277 838 ad·

381 878 698 939 ulescentia
738 879 1142 956 gravissimum
1193 878 1734 954 sanctissimumque
1777 878 2052 949 duxisset,
2091 878 2276 936 isdem

381 980 553 1037 rebus
608 989 696 1037 est
744 979 1111 1054 perturbatus
1165 976 1346 1035 homo
1402 976 1759 1053 longinquus
1813 987 1871 1035 et
1932 978 2273 1053 alienigena,

381 1076 588 1152 quibus
619 1094 728 1135 nos
754 1076 814 1133 in
843 1075 1033 1134 media
1061 1094 1122 1134 re
1149 1075 1385 1152 publica
1412 1075 1529 1134 nati
1558 1093 1900 1151 semperque
1929 1075 2151 1134 versati.

461 1175 531 1232 4.
576 1172 728 1232 Cum
767 1173 986 1233 audiret
1019 1183 1252 1232 senatus
1291 1173 1702 1232 consentientis
1743 1173 2080 1232 auctoritate
2118 1191 2278 1232 arma
2307 1190 2366 1235 11

381 1281 628 1349 sumpta,
688 1272 1039 1346 consulibuS,
1109 1271 1483 1348 praetoribus,
1540 1271 1783 1330 tribunis
1848 1271 2049 1347 plebiS,
2106 1271 2275 1331 nobis

381 1371 822 1447 imperatoribus
861 1388 984 1428 rem
1025 1370 1318 1447 publicam
1361 1369 1790 1429 defendendam
1832 1370 2045 1441 datam,
2076 1388 2275 1429 move-

380 1471 548 1527 batur
605 1469 801 1527 animo
843 1479 902 1526 et
949 1468 1032 1526 vir
1076 1467 1210 1527 huic
1254 1469 1499 1545 imperio
1540 1468 1924 1527 amicissimus
1971 1467 2041 1526 de
2093 1468 2275 1526 salute

379 1566 581 1643 populi
631 1565 882 1626 Romani
938 1567 1369 1637 extimescebat,
1415 1567 1475 1624 in
1524 1585 1641 1643 qua
1695 1567 1868 1625 etiam
1924 1584 2091 1624 suam
2148 1583 2276 1624 esse

379 1664 663 1723 inclusam
691 1665 936 1723 videbat.
1021 1664 1093 1723 In
1123 1683 1356 1724 summo
1383 1674 1580 1723 tamen
1615 1665 1820 1723 timore
1854 1664 2276 1741 quiescendum

380 1762 488 1821 sibi
530 1781 658 1822 esse
697 1763 1093 1822 arbitrabatur.
1180 1763 1438 1821 Maxime
1483 1781 1619 1821 vero
1666 1763 2027 1840 perturbatus
2069 1771 2172 1833 est,
2215 1771 2277 1819 ut

380 1861 592 1920 audivit
637 1861 906 1920 consules
963 1879 1036 1920 ex
1093 1860 1258 1920 Italia
1307 1861 1635 1938 profugisse
1692 1878 2012 1937 omnesque
2062 1878 2273 1918 consu·
2334 1863 2345 1872 ‘

379 1963 526 2021 lares
556 1960 662 2041 (sic
707 1962 862 2020 enim
899 1962 951 2020 ei
985 1960 1402 2040 nuntiabatur),
1442 1972 1718 2020 cunctum
1763 1972 2048 2032 senatum,
2091 1971 2275 2020 totam

379 2060 605 2118 Italiam
633 2078 762 2119 esse
790 2060 1050 2119 effusam.
1137 2058 1385 2118 Talibus
1422 2060 1579 2117 enim
1608 2060 1823 2117 nuntiis
1852 2070 1907 2117 et
1946 2059 2275 2117 rumoribus

377 2160 611 2235 patebat
664 2158 739 2216 ad
787 2158 1069 2217 orientem
1113 2158 1220 2230 via,
1267 2176 1378 2217 nec
1434 2157 1533 2214 ulli
1581 2158 1699 2215 veri
1754 2158 2273 2235 subsequebantur.

379 2255 538 2314 Nihil
568 2255 657 2314 ille
688 2256 760 2314 de
789 2256 1231 2315 condicionibus
1261 2255 1391 2326 tuis,
1424 2255 1561 2313 nihil
1593 2255 1664 2313 de
1708 2256 1901 2315 studio
1929 2255 2272 2314 concordiae

377 2364 434 2413 et
475 2354 653 2431 paciS‚
682 2354 826 2413 nihil
871 2355 943 2413 de
987 2354 1415 2431 conspiratione
1457 2354 1725 2412 audiebat
1766 2364 2057 2412 certorum
2084 2352 2273 2412 homi-

376 2471 519 2510 num
577 2463 780 2511 contra
835 2452 1176 2529 dignitatem
1241 2462 1417 2510 tuam.
1507 2451 1677 2524 Quae
1736 2470 1871 2510 cum
1928 2453 2008 2509 ita
2063 2462 2271 2521 essent,

374 2562 570 2610 tamen
596 2570 781 2629 usque
812 2570 884 2609 eo
922 2570 983 2610 se
1012 2551 1209 2620 tenuit,
1240 2551 1440 2628 quoad
1470 2570 1512 2609 a
1548 2549 1658 2608 Cn.
1702 2550 1987 2627 Pompeio
2023 2549 2096 2608 ad
2136 2568 2271 2608 eum

375 2650 546 2725 legati
588 2650 922 2727 litteraeque
963 2658 1260 2708 venerunt.
1344 2648 1610 2725 Ignosce,
1647 2648 1902 2725 ignosce,
1947 2647 2179 2719 Caesar,
2225 2648 2272 2706 si
2302 2666 2360 2711 12

377 2747 502 2805 eius
530 2748 634 2805 viri
664 2747 988 2806 auctoritati
1017 2766 1114 2806 rex
1143 2746 1452 2806 Deiotarus
1487 2746 1672 2817 cessit,
1703 2764 1879 2823 quern
1919 2764 2028 2805 nos
2066 2764 2273 2804 omnes

375 2830 553 2904 secuti
610 2864 834 2918 sumus;
898 2844 973 2903 ad
1016 2864 1194 2923 quern
1239 2863 1376 2903 cum
1432 2844 1491 2902 di
1539 2855 1711 2921 atque
1761 2844 2027 2903 homines
2073 2843 2272 2902 omnia

373 2953 716 3002 ornamenta
743 2943 1187 3019 congessissent,
1219 2952 1341 3000 turn
1372 2952 1435 3001 tu
1476 2944 1596 3019 ipse
1626 2943 1872 3019 plurima
1899 2953 1955 3001 et
1996 2942 2268 3001 maxima.

373 3040 582 3117 Neque
625 3042 798 3113 enim,
850 3043 898 3100 si
947 3052 1078 3101 tuae
1118 3060 1211 3101 res
1253 3051 1449 3117 gestae
1492 3051 1815 3100 ceterorum
1854 3040 2121 3099 laudibus
2165 3043 2271 3099 ob-

372 3139 696 3198 scuritatem
764 3140 1104 3211 adtulerunt,
1163 3139 1377 3199 idcirco
1447 3139 1556 3199 Cn.
1615 3138 1856 3216 Pompei
1925 3140 2269 3198 memoriam

371 3238 690 3297 amisimus,
775 3238 1074 3310 Quantum
1121 3256 1342 3297 nomen
1393 3239 1515 3296 eius
1565 3238 1749 3309 fuerit,
1801 3249 2048 3316 quantae
2105 3256 2265 3316 opeS,

370 3347 588 3413 quanta
630 3339 690 3395 in
732 3340 893 3397 omni
936 3356 1149 3415 genere
1194 3338 1475 3398 bellorum
1521 3338 1718 3415 gloria,
1764 3338 1962 3414 quanti
2017 3337 2268 3397 honores

370 3434 571 3511 populi
605 3434 876 3509 Romani,
907 3437 1108 3515 quanti
1151 3445 1401 3508 senatuS,
1447 3437 1645 3513 quanti
1689 3436 1788 3507 tui,
1818 3436 1949 3511 quis
1990 3436 2265 3512 ignorat?

1300 3554 1340 3595 n
