2727 3901
463 203 500 250 2
1010 197 1091 248 M.
1144 195 1369 247 TULLI
1412 195 1812 246 CICERONIS

460 367 519 417 et
537 357 751 416 comite
769 355 1065 416 distracto,
1135 355 1297 432 Ergo
1321 365 1379 414 et
1402 355 1544 414 mihi
1568 373 1733 415 meae
1755 355 2031 431 pristinae
2051 355 2199 414 vitae
2222 374 2362 414 con-

461 456 846 526 suetudinem,
878 454 944 515 C.
975 456 1211 526 Caesar‚
1240 453 1617 514 interclusam
1653 454 1925 530 aperuisti
1962 464 2020 513 et
2048 454 2137 512 his
2171 455 2365 513 omni-

460 555 572 614 bus
600 553 675 612 ad
703 555 857 612 bene
891 553 964 612 de
993 554 1154 614 omni
1184 572 1246 612 re
1287 553 1522 629 publica
1552 553 1902 629 sperandum
1931 552 2098 630 quasi
2129 553 2363 628 signum

405 669 436 718 3
462 651 699 729 aliquod
735 652 1027 711 sustulisti.
1112 651 1484 712 Intellectum
1528 662 1613 711 est
1656 652 1810 710 enim
1850 651 1995 709 mihi
2024 651 2262 728 quidem
2304 651 2365 708 in

461 748 656 809 multis
691 759 751 808 et
785 769 1058 809 maxume
1097 751 1159 808 in
1195 769 1292 810 me
1335 752 1484 828 ipso,
1514 750 1618 810 sed
1655 750 1831 828 paulo
1861 760 1994 809 ante
2025 746 2142 830 [in]
2176 750 2367 810 omni-

460 850 588 920 buS,
621 866 758 907 cum
800 849 886 906 M.
917 847 1267 908 Marcellum
1309 849 1535 907 senatui
1577 848 1773 926 reique
1816 848 2081 925 publicae
2122 867 2364 908 conces-

463 946 588 1007 sisti
635 947 1105 1008 commemoratis
1154 947 1491 1024 praesertim
1533 947 1971 1018 offensionibu8‚
2016 957 2073 1006 te
2118 947 2368 1007 auctori-

463 1054 642 1105 tatem
692 1045 863 1105 huius
911 1046 1132 1105 ordinis
1179 1046 1638 1123 dignitatemque
1687 1047 1767 1104 rei
1813 1046 2078 1123 publicae
2123 1047 2240 1105 tuis
2281 1046 2370 1104 vel

464 1143 762 1203 doloribus
777 1144 867 1204 vel
892 1145 1318 1221 suspicionibus
1347 1143 1647 1203 anteferre.
1719 1144 1823 1203 Ille
1851 1145 2089 1222 quidem
2119 1144 2369 1203 fructum

465 1243 657 1301 omnis
685 1252 820 1302 ante
855 1252 1016 1302 actae
1045 1243 1195 1301 vitae
1221 1242 1508 1302 hodierno
1538 1242 1631 1301 die
1673 1261 2019 1301 maxumum
2052 1243 2205 1319 cepit
2232 1260 2369 1302 cum

362 1355 438 1419 (4)
466 1359 701 1400 summo
741 1359 1034 1400 consensu
1069 1351 1321 1413 senatuS‚
1358 1352 1482 1399 tum
1521 1340 1736 1400 iudicio
1769 1349 1871 1400 tuo
1910 1343 2272 1418 gravissumo
2314 1351 2371 1398 et

465 1457 763 1499 maxumo.
863 1439 958 1498 Ex
1007 1457 1128 1517 quo
1178 1439 1445 1514 profecto
1494 1439 1793 1514 intellegiS,
1843 1440 2065 1516 quanta
2112 1441 2175 1498 in
2232 1437 2371 1498 dato

409 1557 438 1604 4
465 1539 752 1598 beneficio
797 1539 868 1596 sit
912 1538 1055 1607 lauS‚
1091 1555 1228 1596 cum
1271 1538 1333 1594 in
1376 1547 1619 1613 accepto
1662 1539 1734 1596 sit
1776 1548 1940 1596 tanta
1981 1539 2182 1614 gloria.
2266 1537 2373 1596 Est

466 1631 605 1696 vero
635 1637 956 1696 fortunatus
984 1636 1094 1707 ille,
1124 1636 1289 1694 cuius
1330 1654 1405 1692 ex
1449 1635 1633 1694 salute
1676 1655 1799 1694 non
1837 1637 2026 1696 minor
2067 1655 2256 1713 paene
2298 1636 2375 1695 ad

467 1753 693 1806 omneS,
735 1753 915 1811 quam
967 1734 1041 1792 ad
1090 1735 1283 1809 ipsum
1333 1743 1577 1792 ventura
1618 1735 1708 1803 sit,
1752 1734 1964 1794 laetitia
2012 1735 2373 1810 pervenerit3

468 1834 630 1911 quod
659 1833 896 1910 quidem
927 1833 980 1892 ei
1010 1832 1220 1890 merito
1249 1842 1425 1909 atque
1466 1833 1691 1909 optimo
1721 1833 1840 1891 iure
1880 1833 2137 1908 contigit.
2222 1831 2375 1904 Quis

468 1932 628 1991 enim
670 1940 756 1992 est
798 1930 897 1991 illo
939 1942 1040 1990 aut
1082 1929 1378 1991 nobilitate
1421 1939 1521 1991 aut
1559 1931 1849 2008 probitate
1883 1941 1983 1991 aut
2019 1931 2373 2009 optimarum

470 2031 678 2090 artium
740 2030 930 2089 studio
986 2041 1084 2089 aut
1157 2030 1491 2088 innocentia
1557 2039 1657 2088 aut
1723 2031 1843 2090 ullo
1906 2032 2095 2091 laudis
2157 2050 2375 2109 genere

473 2128 856 2207 praestantior
878 2130 899 2187 ?

475 2320 636 2368 πίτυι
659 2321 912 2370 division
947 2322 1012 2370 of
1035 2323 1136 2369 the
1166 2324 1468 2379 argument.
1504 2321 1589 2381 (55
1621 2318 1792 2381 4—20).
1868 2322 2022 2369 (ἔνιαι
2051 2336 2109 2369 as
2137 2335 2226 2369 are
2241 2336 2381 2382 your

596 2408 721 2465 past
741 2402 968 2466 exploits,
997 2403 1200 2464 Cacsar,
1211 2417 1318 2467 you
1340 2402 1468 2451 have
1488 2400 2000 2467 surpasscdyourseff
2008 2401 2192 2465 to-day.

553 2558 624 2615 2.
680 2559 908 2621 Nullius
949 2571 1172 2621 tantum
1217 2561 1439 2621 flumen
1480 2572 1569 2621 est
1613 2561 1848 2637 ingenii,
1892 2559 2104 2619 nullius
2144 2559 2376 2620 dicendi

471 2667 571 2717 aut
611 2659 902 2718 scribendi
938 2671 1098 2718 tanta
1130 2661 1232 2733 vi3‚
1265 2669 1427 2719 tanta
1468 2660 1657 2736 copia,
1687 2677 1840 2736 quae
1882 2676 2003 2718 non
2046 2657 2237 2718 dicam
2278 2678 2378 2719 ex-

472 2775 694 2829 ornare,
738 2758 845 2818 sed
891 2776 1180 2830 enarrare,
1224 2757 1293 2817 C.
1337 2757 1577 2830 Caesar,
1620 2774 1711 2816 res
1758 2768 1889 2816 tuas
1934 2767 2129 2833 gestas
2176 2758 2379 2835 possit.

475 2854 710 2915 Tamen
756 2855 1021 2927 adfirmo,
1064 2867 1122 2915 et
1162 2856 1275 2915 hoc
1325 2874 1474 2933 pace
1523 2857 1715 2915 dicam
1765 2867 1881 2925 tua,
1926 2854 2144 2913 nullam
2186 2856 2249 2913 in
2291 2855 2380 2913 his

475 2971 602 3013 esse
642 2953 878 3014 laudem
927 2954 1272 3031 ampliorem
1314 2972 1497 3031 quam
1545 2972 1697 3024 eam,
1739 2971 1916 3030 quam
1958 2953 2245 3013 hodierno
2287 2954 2380 3011 die

417 3076 448 3125 5
475 3062 824 3113 consecutus
879 3071 960 3111 eS.
1045 3052 1220 3111 Soleo
1276 3071 1453 3128 saepe
1508 3062 1643 3111 ante
1692 3051 1897 3111 oculos
1942 3069 2162 3129 ponere
2205 3051 2380 3130 idque

476 3151 720 3210 libenter
769 3150 988 3210 crebris
1037 3169 1316 3227 usurpare
1372 3150 1755 3221 sermonibuS,
1802 3150 1995 3209 omnis
2048 3160 2382 3210 nostrorum

476 3250 905 3326 imperatorum,
951 3249 1144 3308 omnis
1221 3259 1547 3307 exterarum
1619 3248 1880 3325 gentium
1949 3248 2381 3325 potentissimo·

477 3364 726 3426 rumque
780 3347 1154 3425 populorum,
1219 3348 1427 3406 'omnis
1501 3347 1955 3407 clarissimorum
2029 3365 2235 3425 regum
2290 3365 2382 3406 res

476 3454 674 3523 gestas
735 3462 870 3505 cum
938 3446 1050 3505 tuis
1113 3464 1222 3505 nec
1290 3446 1735 3506 contentionum
1804 3447 2203 3523 magnitudine
2275 3464 2383 3506 nec
