2727 3901
363 747 426 796 13

453 183 538 251 34
708 144 713 150 ’
1001 178 1082 227 M.
1136 176 1362 228 TULLJ
1408 177 1809 227 CICERONIS

452 339 648 398 Tanto
693 337 784 396 ille
827 337 1154 414 superiores
1195 338 1407 396 vicerat
1448 337 1651 413 gloria,
1696 346 1915 414 quanto
1964 346 2025 394 tu
2075 336 2349 395 omnibus

451 436 792 514 praestitisti.
880 435 1082 513 Itaque
1107 435 1215 494 Cn.
1239 434 1485 512 Pompei
1503 435 1671 506 bella,
1694 434 1977 507 victorias,
2001 433 2342 511 triumphOS,

452 535 785 595 consulatus
854 533 1206 594 admirantes
1271 535 1741 605 numerabamus,
1811 544 1941 619 tuos
2009 550 2348 591 enumerare

452 651 574 691 non
604 649 964 725 possumusO

537 737 607 792 5⁴
647 730 745 789 Ad
773 749 910 789 eum
939 729 1107 806 igitur
1134 749 1234 788 rex
1262 729 1574 789 Deiotarus
1603 731 1757 789 venit
1791 730 1903 789 hoc
1934 731 2144 788 misero
2172 728 2352 786 fatali-

452 848 566 906 que
623 829 794 901 bello,
825 847 1001 906 quem
1029 839 1200 888 antea
1219 829 1379 886 iustis
1406 828 1827 906 hostilibusque
1849 829 2012 887 bellis
2040 829 2351 898 adiuverat,

453 946 709 1004 quocum
739 937 862 986 erat
893 945 1014 985 non
1045 928 1296 1005 hospitio
1326 927 1533 999 solum,
1554 946 1753 986 verum
1781 928 1954 986 etiam
1972 926 2351 985 familiaritate

455 1025 812 1097 coniunctuS,
843 1035 900 1084 et
928 1026 1080 1085 venit
1106 1026 1196 1084 vel
1224 1037 1465 1102 rogatus
1493 1037 1554 1084 ut
1582 1027 1806 1085 amicus
1833 1027 1923 1084 vel
1952 1026 2261 1084 accersitus
2290 1034 2354 1083 ut

454 1124 645 1183 socius
699 1124 788 1183 vel
835 1134 1106 1182 evocatus
1155 1133 1218 1182 ut
1266 1124 1331 1196 is,
1379 1125 1479 1201 qui
1530 1124 1751 1182 senatui
1797 1142 1999 1200 parere
2046 1123 2352 1190 didicisset,

453 1232 750 1298 postremo
779 1222 930 1280 venit
958 1221 1034 1279 ad
1073 1221 1407 1298 fugientem,
1438 1240 1560 1280 non
1602 1222 1677 1281 ad
1719 1223 2140 1299 insequentem,
2170 1221 2230 1279 id
2268 1231 2353 1279 est

454 1320 531 1378 ad
557 1320 809 1396 periculi,
841 1338 963 1378 non
991 1318 1067 1377 ad
1108 1320 1381 1378 victoriae
1424 1321 1774 1378 societatem.
1859 1321 2064 1397 Itaque
2107 1319 2350 1379 Pharsa-

453 1407 565 1476 lico
604 1418 826 1494 proelio
868 1418 1022 1476 facto
1067 1436 1102 1476 a
1149 1416 1433 1494 Pompeio
1489 1419 1789 1490 discessit;
1847 1436 2013 1495 spem
2069 1418 2355 1476 infinitam

453 1517 723 1592 persequi
764 1516 988 1587 noluit;
1032 1514 1120 1574 vel
1164 1516 1371 1587 offici0,
1417 1517 1463 1576 si
1506 1517 1647 1594 quid
1691 1517 1983 1588 debuerat,
2028 1517 2118 1575 vel
2158 1516 2354 1585 errori,

453 1614 504 1672 si
559 1614 699 1690 quid
753 1614 1054 1684 nescierat,
1105 1615 1240 1672 satis
1283 1609 1499 1673 factum
1555 1633 1684 1674 esse
1730 1615 1931 1686 duxit3
1993 1615 2236 1674 domum
2294 1633 2355 1672 se

455 1705 697 1772 contulit
747 1721 920 1789 teque
967 1712 1430 1771 Alexandrinum
1478 1713 1694 1771 bellum
1738 1723 1973 1790 gerente
2022 1713 2355 1771 utilitatibus

368 1824 428 1872 14
456 1811 570 1869 tuis
612 1810 815 1887 paruit.
898 1808 1000 1867 Ille
1043 1810 1360 1869 exercitum
1405 1810 1515 1870 Cn.
1560 1811 1800 1883 Domiti,
1847 1812 2185 1889 amplissimi
2233 1812 2353 1884 viri,

456 1909 572 1967 suis
620 1908 782 1969 tectis
827 1917 884 1969 et
929 1908 1114 1985 copiis
1165 1909 1518 1981 sustentavit,
1572 1909 1661 1969 ille
1712 1908 2013 1987 Ephesum
2070 1910 2146 1970 ad
2201 1928 2354 1981 eum,

455 2026 632 2084 quem
660 2016 724 2065 tu
756 2026 829 2066 ex
870 2007 983 2065 tuis
1026 2006 1425 2065 fidelissimum
1468 2017 1524 2067 et
1566 2009 2041 2085 probatissimum
2083 2010 2357 2068 omnibus

455 2106 731 2183 delegisti,
762 2106 1072 2182 pecuniam
1099 2107 1272 2177 misit,
1304 2106 1396 2165 ille
1425 2107 1646 2178 iterum,
1675 2108 1768 2166 ille
1797 2109 1965 2167 tertio
1992 2109 2356 2167 auctionibus

455 2204 621 2263 factis
663 2205 973 2281 pecuniam
1016 2204 1188 2277 dedit,
1221 2223 1340 2281 qua
1383 2204 1459 2263 ad
1500 2204 1714 2263 bellum
1757 2216 1997 2276 uterere,
2026 2206 2117 2264 ille
2146 2222 2355 2281 corpus

457 2320 627 2360 suum
655 2302 914 2378 periculo
942 2301 1154 2360 obiecit
1182 2311 1493 2378 tecumque
1522 2301 1582 2359 in
1612 2302 1735 2360 acie
1764 2311 1967 2360 contra
1996 2301 2355 2360 Pharnacem

453 2400 560 2459 fuit
601 2410 880 2477 tuumque
925 2399 1154 2458 hostem
1195 2417 1323 2457 esse
1366 2399 1529 2457 duxit
1570 2417 1757 2458 suum.
1844 2399 2014 2471 Quae
2056 2399 2292 2477 quidem
2322 2418 2357 2458 a

455 2508 514 2557 te
541 2499 602 2556 in
632 2516 762 2556 eam
791 2507 1012 2573 partem
1043 2508 1283 2572 accepta
1311 2506 1463 2568 sunt,
1495 2496 1724 2569 Caesar,
1745 2507 1807 2555 ut
1836 2515 1972 2556 eum
2000 2498 2354 2575 amplissimo

455 2597 608 2675 regis
636 2597 863 2656 honore
890 2606 949 2655 et
978 2596 1218 2655 nomine
1247 2596 1541 2656 adfeceris,

525 2816 746 2863 Second
780 2815 1049 2862 Division
1084 2814 1168 2875 (55
1199 2814 1418 2875 15-22):
1454 2812 1744 2862 Refutation
1776 2814 1835 2862 of
1857 2813 1942 2863 the
1966 2812 2181 2877 charge.
2247 2812 2357 2863 The

455 2903 712 2961 argument
736 2896 862 2944 from
875 2896 1180 2959 probability
1201 2895 1244 2943 is
1265 2894 1385 2943 used
1410 2892 1691 2959 (probabile
1708 2911 1771 2943 ex
1786 2897 1907 2956 vita,
1930 2895 2100 2944 drawn
2124 2896 2252 2944 from
2273 2894 2357 2943 the

455 2986 567 3042 past
590 2978 843 3028 character
865 2978 924 3027 of
951 2978 1035 3028 the
1058 2977 1296 3027 accused:
1335 2982 1360 3036 5
1394 2989 1471 3041 17,
1494 2994 1543 3042 p.
1567 2992 1629 3026 ex
1652 2994 1813 3040 eausa,
1839 2978 1967 3027 from
1993 2978 2078 3028 the
2098 2985 2231 3028 want
2254 2978 2312 3027 of
2327 2994 2358 3027 a

455 3062 638 3111 motive
660 3061 736 3110 for
758 3060 879 3110 such
902 3077 933 3109 a
955 3060 1149 3121 crime).

465 3142 590 3192 This
611 3142 884 3191 Deiotarus
908 3142 955 3191 is
973 3143 1180 3191 accused
1194 3142 1257 3207 qs
1256 3141 1455 3205 having
1482 3140 1683 3191 devised
1685 3157 1827 3205 your
1840 3143 2048 3192 murder
2066 3149 2121 3190 at
2142 3141 2225 3191 his
2244 3158 2358 3191 own

586 3225 748 3273 house.
814 3225 941 3284 But,
959 3231 1007 3274 to
1023 3239 1112 3287 say
1127 3223 1419 3288 nothingos
1427 3224 1510 3274 the
1528 3230 1806 3273 monstrous
1819 3226 1961 3288 guill
1981 3224 2043 3289 os
2053 3225 2113 3286 it,
2128 3225 2174 3273 it
2193 3223 2364 3273 would

587 3305 713 3353 have
742 3305 856 3355 been
887 3305 968 3354 the
1000 3312 1080 3355 act
1104 3305 1166 3370 eff
1179 3322 1212 3356 a
1242 3306 1497 3356 madman.
1567 3306 1619 3369 (5
1653 3304 1734 3370 16)
1766 3307 1897 3356 And
1919 3306 1979 3356 he
2000 3321 2105 3354 zoas
2133 3305 2215 3354 the
2238 3311 2362 3354 most

589 3386 848 3437 deliberate
868 3387 932 3452 of
941 3402 1068 3438 men.
1124 3387 1174 3452 (5
1207 3388 1287 3454 17)
1315 3388 1419 3437 The
1434 3388 1613 3454 charge
1632 3390 1677 3438 is
1698 3394 1785 3438 not
1805 3404 1923 3439 even
1936 3388 2198 3454 plausible.
2259 3388 2361 3437 The
