2727 3901
426 195 510 255 40
979 191 1061 242 M.
1114 191 1166 239 T
1165 189 1338 240 ULLI
1381 189 1785 240 CICERONIS

335 365 398 414 26
426 348 654 408 stitutos
703 367 830 408 esse
881 348 1284 406 meminisset?
1387 347 1548 419 Quid
1608 347 1859 406 deinde?
1919 347 2150 407 furcifer
2206 367 2323 425 quo

424 447 832 524 progreditur?
918 447 1014 505 Ait
1055 447 1166 505 hac
1207 447 1421 506 laetitia
1462 445 1805 505 Deiotarum
1848 447 2063 505 elatum
2091 447 2228 507 vino
2263 465 2325 506 se

423 546 686 604 obruisse
736 546 798 603 in
843 545 1224 622 convivioque
1287 545 1509 602 nudum
1566 545 1875 604 saltavisse.
1958 543 2128 616 Quae
2185 563 2327 604 crux

423 643 556 702 huic
612 643 848 721 fugitivo
902 653 1092 721 potest
1140 644 1276 703 satis
1323 643 1590 719 supplicii
1639 642 1902 701 adferre?
1986 642 2325 702 Deiotarum

425 742 730 800 saltantem
773 743 1082 820 quisquam
1126 723 1222 801 aut
1251 742 1477 800 ebrium
1506 741 1645 799 vidit
1687 743 2012 818 umquam?
2099 741 2324 801 Omnes

422 841 482 898 in
510 841 607 899 illo
637 850 770 898 sunt
807 842 998 918 regiae
1037 841 1292 910 virtutes,
1323 840 1484 918 quod
1523 848 1597 912 te,
1632 838 1866 910 Caesar,
1898 840 2167 916 ignorare
2202 858 2324 898 non

422 939 680 1008 arbitror,
713 940 813 998 sed
841 940 1148 1016 praecipue
1179 939 1485 1016 singularis
1515 948 1572 997 et
1613 937 1954 996 admiranda
1990 938 2321 1016 frugalitas;

423 1037 529 1096 etsi
586 1037 699 1096 hoc
756 1040 932 1096 verbo
991 1039 1110 1096 soio
1165 1038 1388 1096 laudari
1437 1055 1634 1113 regem
1690 1055 1811 1097 non
1862 1035 2065 1095 solere.
2147 1036 2323 1113 Frugi

331 1154 335 1158 ·
423 1134 724 1193 hominem
754 1136 866 1194 dici
910 1155 1031 1194 non
1060 1135 1306 1194 multum
1349 1136 1522 1194 habet
1551 1135 1735 1193 laudis
1778 1135 1839 1191 in
1875 1153 2052 1211 rege3
2096 1134 2320 1206 fortem,

424 1234 655 1302 iustum,
700 1252 979 1304 severum,
1021 1253 1274 1310 gravem,
1317 1233 1779 1310 magnanimum,
1822 1233 2064 1308 largum,
2108 1233 2324 1292 benefi-

423 1350 575 1403 cum,
621 1331 930 1402 liberalem,
974 1331 1083 1391 hae
1134 1343 1268 1391 sunt
1309 1333 1505 1408 regiae
1553 1331 1766 1398 laudes
1816 1329 1913 1388 illa
1957 1331 2179 1407 privata
2222 1342 2324 1390 est.

423 1429 506 1488 Ut
532 1430 684 1488 volet
713 1431 974 1507 quisque,
1004 1431 1284 1508 accipiat3
1328 1449 1441 1508 ego
1471 1442 1667 1489 tamen
1708 1429 2107 1505 frugalitatem,
2138 1429 2198 1487 id
2236 1439 2323 1488 est

421 1528 770 1586 modestiam
815 1538 873 1586 et
915 1529 1372 1605 temperantiam,
1428 1530 1689 1587 virtutem
1741 1529 2060 1586 maximam
2109 1529 2318 1586 iudico.

425 1626 594 1684 Haec
643 1626 704 1683 in
753 1627 851 1684 illo
896 1637 983 1685 est
1033 1628 1109 1685 ab
1151 1629 1386 1685 ineunte
1430 1636 1616 1686 aetate
1660 1644 1795 1686 cum
1836 1645 1871 1685 a
1912 1636 2121 1687 cuncta
2163 1627 2323 1696 Asia,

421 1742 557 1782 cum
587 1743 622 1783 a
662 1725 1092 1800 magistratibus
1136 1725 1455 1803 legatisque
1499 1727 1725 1796 nostriS‚
1757 1735 1881 1784 tum
1910 1726 1986 1783 ab
2028 1725 2321 1802 equitibus

423 1822 724 1894 Romanis,
755 1824 855 1900 qui
885 1824 945 1880 in
972 1823 1111 1881 Asia
1147 1825 1424 1899 negotiati
1457 1834 1605 1894 sunt,
1638 1833 1936 1900 perspecta
1978 1834 2035 1883 et
2074 1825 2325 1900 cognita.

333 1925 394 1979 27
424 1920 628 1980 Multis
656 1921 747 1980 ille
776 1922 1012 1998 quidem
1040 1923 1316 1999 gradibus
1347 1922 1669 1981 officiorum
1700 1941 1838 1999 erga
1868 1941 1992 1982 rem
2031 1923 2323 2000 publicam

424 2031 682 2079 nostram
740 2021 815 2079 ad
872 2020 986 2080 hoc
1045 2023 1268 2098 regium
1325 2039 1544 2081 nomen
1606 2018 1900 2093 ascendi‘t3
1960 2022 2062 2080 sed
2108 2032 2321 2092 tamen,

422 2118 698 2196 quicquid
733 2138 769 2177 a
802 2119 967 2178 bellis
1000 2121 1203 2196 populi
1240 2120 1496 2180 Romani
1534 2121 1790 2191 vacabat,
1821 2138 1957 2178 curn
1990 2120 2323 2179 hominibus

421 2218 631 2276 nostris
661 2218 1126 2290 consuetudineS,
1157 2220 1455 2291 amicitiaS,
1488 2237 1580 2277 res
1619 2218 1987 2294 rationesque
2026 2218 2321 2295 iungebat,

420 2325 483 2373 ut
511 2334 632 2374 non
676 2317 864 2375 solum
893 2316 1205 2376 tetrarches
1249 2318 1475 2388 nobilis,
1508 2317 1611 2375 sed
1654 2317 1827 2375 etiam
1863 2317 2119 2392 optimus
2160 2328 2325 2393 pater

422 2413 668 2473 familias
699 2425 756 2473 et
784 2415 1258 2491 diligentissimus
1301 2415 1555 2492 agricola
1585 2425 1643 2473 et
1672 2416 1975 2491 pecuarius
2004 2414 2323 2474 haberetur.

423 2511 541 2584 Qui
570 2513 744 2588 igitur
773 2513 1113 2571 adulescens
1143 2514 1411 2573 nondum
1442 2523 1599 2572 tanta
1637 2512 1823 2589 gloria
1850 2512 2141 2589 praeditus
2179 2514 2323 2571 nihil

421 2627 701 2687 umquam
774 2611 882 2669 nisi
953 2612 1308 2669 severissime
1367 2622 1423 2670 et
1478 2611 1814 2688 gravissime
1870 2610 2079 2681 fecerit,
2136 2611 2183 2669 is
2254 2630 2323 2669 ea

421 2706 841 2767 existimatione
871 2727 1058 2787 eaque
1088 2719 1272 2769 aetate
1304 2708 1562 2768 saltavit?

421 2908 782 2964 Apostrophe
812 2911 874 2956 to
906 2910 1105 2956 Castor
1138 2910 1224 2971 (55
1265 2907 1466 2971 28—33>.
1538 2910 1551 2933 ‘
1578 2907 1708 2957 Well
1731 2907 1790 2971 if
1800 2923 1906 2970 you
1936 2909 2169 2957 imitated
2186 2924 2325 2971 your

545 2988 882 3053 grandfather
916 2990 1114 3039 instead
1139 2990 1202 3055 of
1211 2989 1508 3053 slandering
1534 2990 1641 3038 him
1676 2990 1735 3052 by
1755 3006 1787 3037 a
1818 2997 2000 3039 truant
2020 2992 2189 3039 slave!
2254 2992 2323 3039 In

552 3072 636 3121 the
666 3080 807 3137 camp
829 3073 891 3137 of
901 3074 1165 3135 Pompeius
1197 3090 1273 3123 we
1304 3075 1429 3123 used
1456 3082 1504 3123 to
1537 3074 1731 3123 admire
1764 3074 1847 3123 the
1877 3074 2031 3139 spirit
2060 3075 2211 3139 ofthe
2244 3076 2329 3124 old

553 3170 692 3215 man,
717 3155 828 3203 who
850 3154 956 3203 had
971 3161 1020 3203 to
1051 3156 1106 3203 be
1131 3156 1281 3219 lefled
1307 3156 1415 3205 into
1447 3155 1529 3204 the
1560 3155 1742 3205 saddle.
1826 3156 1939 3205 But
1948 3172 2053 3219 you
2078 3156 2277 3205 shewed
2292 3174 2325 3205 a

553 3236 652 3284 like
694 3237 884 3286 ardour
938 3238 996 3285 in
1040 3238 1121 3287 the
1165 3237 1439 3301 Pompeian
1482 3253 1641 3297 cause,
1685 3253 1807 3286 even
1852 3237 1986 3302 after
2027 3238 2323 3287 Pharsalus.

553 3318 777 3380 Scarceht
793 3318 875 3367 the
891 3318 1030 3382 right
1046 3335 1167 3367 man
1185 3325 1233 3367 to
1245 3334 1411 3367 accuse
1424 3318 1698 3367 Deiotarus
1713 3318 1963 3383 ofloyaltv
1976 3327 2024 3369 to
2031 3322 2325 3384 Pompeius!

557 3400 607 3465 (5
633 3401 716 3465 30)
755 3403 854 3451 You
875 3402 986 3451 and
997 3418 1128 3461 your
1131 3402 1329 3466 family
1352 3419 1479 3453 were
1494 3404 1634 3451 made
1650 3402 1709 3466 by
1727 3404 2015 3454 Deiotarus.
2084 3406 2213 3453 And
2217 3420 2321 3469 you
