2727 3901
693 234 835 283 PRO
885 234 947 295 Q.
993 231 1300 281 LIGARIO
1349 230 1492 281 ORA
1505 230 1644 280 Tso.
1733 217 1805 301 ἐξ
1856 235 1996 294 1-4.
2220 227 2299 294 15

390 393 462 453 de
505 404 696 453 vestro
742 394 956 453 delicto
1005 391 1402 452 confiteamini
1454 408 1693 449 necesse
1746 398 1848 459 est,
1893 406 2072 465 quam
2106 387 2303 464 Ligari

388 491 570 550 ullam
599 491 830 568 culpam
859 489 1312 568 reprehendatis.

391 659 658 705 Narratio
685 655 772 716 (55
802 661 936 719 2-5).
1015 653 1117 702 The
1137 616 1516 702 circumstances
1538 653 1703 701 under
1719 652 1883 700 which
1902 653 2149 715 Ligarius
2170 659 2305 701 went

521 745 570 787 to
593 738 776 802 Africa
799 737 909 786 and
930 736 1106 800 stayed
1120 737 1268 796 there,
1295 750 1416 784 even
1438 734 1574 800 aster
1591 735 1653 784 P.
1688 736 1855 784 Varus
1880 734 2099 784 arrived.
2169 733 2237 798 [f
2246 734 2305 783 he

521 821 616 869 did
633 835 821 884 wrong,
846 819 890 868 it
911 834 1016 867 was
1020 817 1166 883 from
1187 817 1329 866 sheer
1348 817 1599 880 necessity.

476 946 552 1019 Q.
586 946 746 1004 enim
775 945 1061 1022 LigariuS,
1082 962 1218 1003 cum
1246 954 1400 1002 esset
1427 943 1583 1002 nulla
1612 943 1746 1002 belli
1778 943 2049 1019 suspicio,
2081 941 2305 1017 legatus

393 1044 453 1102 in
483 1043 741 1102 Africam
783 1061 918 1101 cum
961 1040 1028 1100 C.
1060 1041 1345 1100 Considio
1392 1040 1685 1118 profectus
1710 1037 1843 1112 'est3
1888 1059 2004 1117 qua
2047 1041 2107 1099 in
2148 1040 2305 1116 lega·

392 1143 552 1200 tione
599 1151 657 1199 et
705 1142 922 1200 civibus
971 1150 1029 1199 et
1084 1141 1258 1199 sociis
1312 1140 1394 1198 ita
1449 1158 1510 1198 se
1568 1140 1853 1215 probavit,
1904 1152 1967 1197 ut
2012 1139 2305 1198 decedens

396 1239 709 1300 Considius
750 1239 1050 1316 provincia
1093 1239 1230 1296 satis
1266 1237 1455 1296 facere
1497 1238 1834 1296 hominibus
1863 1257 1985 1297 non
2013 1248 2227 1314 posset,
2258 1238 2307 1296 si

395 1355 754 1416 quemquam
783 1338 960 1396 alium
988 1336 1317 1414 provinciae
1347 1336 1733 1413 praefecisset.
1785 1336 1989 1412 Itaque
2019 1334 2304 1411 Ligarius»,

395 1454 533 1495 cum
590 1435 689 1493 diu
751 1453 1024 1494 recusans
1073 1433 1213 1492 nihil
1269 1434 1625 1511 profecisset,
1675 1435 2033 1510 provinciam
2085 1434 2308 1510 accepit

394 1535 603 1592 invitus
620 1552 636 1604 ;
701 1534 796 1591 cui
836 1533 919 1592 sic
961 1530 1210 1610 praefuit
1252 1534 1312 1590 in
1355 1551 1521 1609 pace,
1566 1544 1627 1590 ut
1672 1542 1727 1590 et
1770 1533 1991 1591 civibus
2036 1542 2092 1590 et
2139 1531 2308 1590 sociis

396 1632 726 1709 gratissima
770 1640 921 1690 esset
966 1632 1089 1690 eius
1139 1631 1437 1707 integritas
1480 1649 1548 1689 ac
1597 1631 1755 1690 fides.
1842 1629 2071 1690 Bellum
2118 1630 2308 1689 subito
2336 1643 2366 1691 3

399 1731 630 1802 exarsit,
677 1730 855 1808 quod,
907 1730 1007 1806 qui
1057 1739 1220 1787 erant
1269 1730 1331 1788 in
1380 1728 1595 1799 A'frica,
1653 1741 1784 1787 ante
1832 1729 2137 1788 audierunt
2184 1729 2307 1806 geri

400 1846 577 1904 quam
605 1829 812 1904 parari.
884 1828 1025 1901 Quo
1055 1828 1253 1886 audito
1283 1829 1490 1904 partim
1519 1825 1830 1902 cu‘piditate
1860 1827 2304 1898 inconsiderata,

401 1927 610 2004 partim
660 1945 843 1987 caeco
887 1927 1148 2004 quodam
1196 1926 1401 1987 timore
1448 1927 1640 2003 primo
1688 1926 1902 1996 salutiS,
1947 1936 2080 2002 post
2132 1927 2309 1986 etiam

401 2025 576 2085 studii
599 2027 686 2083 sui
712 2028 1068 2103 quaerebant
1090 2025 1344 2103 aliquem
1369 2026 1597 2096 ducem,
1626 2043 1760 2084 cum
1784 2024 2049 2100 Ligarius
2068 2025 2310 2084 domum

403 2133 688 2200 spectanS,
719 2123 796 2182 ad
825 2142 961 2183 suos
991 2123 1173 2182 redire
1211 2124 1455 2199 cupiens
1495 2122 1657 2181 nullo
1686 2140 1749 2180 se
1778 2124 2041 2199 inplicari
2071 2124 2310 2199 negotio

403 2240 612 2300 passus
640 2232 742 2281 est.
826 2222 1067 2281 Interim
1095 2221 1158 2280 P.
1186 2222 1381 2280 Attius
1411 2221 1620 2292 VaruS,
1652 2222 1752 2298 qui
1792 2231 2025 2298 praetor
2052 2222 2311 2281 Africam

403 2322 748 2397 optinuerat,
780 2320 1016 2379 Uticam
1043 2321 1216 2380 venit.
1298 2320 1398 2379 Ad
1426 2339 1561 2379 eum
1590 2320 1783 2377 statim
1827 2338 2179 2379 concursum
2207 2330 2309 2379 est.

403 2419 601 2495 Atque
643 2419 736 2477 ille
779 2437 903 2477 non
945 2419 1226 2477 mediocri
1269 2419 1579 2494 cupiditate
1622 2418 1860 2493 arripuit
1901 2419 2231 2494 imperium,
2263 2420 2311 2476 si

405 2515 547 2576 illud
576 2517 880 2593 imperium
912 2536 1041 2575 esse
1071 2516 1271 2593 potuit,
1304 2517 1464 2594 quod
1496 2517 1719 2592 privato
1760 2518 2015 2575 clamore
2055 2517 2311 2575 multitu-

405 2616 557 2673 dinis
587 2615 866 2691 inperitae
894 2614 1052 2675 nullo
1079 2616 1316 2692 publico
1355 2614 1603 2673 consilio
1643 2614 2021 2674 deferebatur.
2108 2615 2312 2691 Itaque
2342 2620 2370 2668 4

406 2713 690 2789 Ligarius,
721 2712 818 2790 qui
847 2730 1023 2771 omne
1052 2713 1164 2771 tale
1191 2713 1493 2789 negotium
1524 2723 1759 2789 cuperet
1784 2712 2056 2787 effugere,
2076 2714 2313 2790 paulum

407 2810 659 2869 adventu
688 2809 831 2868 Vari
860 2810 1209 2887 conquievit.

491 2923 558 2977 2.
599 2908 828 2979 Adhuc,
876 2908 942 2968 C.
985 2909 1221 2980 Caesar,
1270 2909 1346 2982 Q.
1392 2909 1660 2986 Ligarius
1705 2911 1867 2969 omni
1915 2910 2085 2986 culpa
2130 2922 2314 2969 vacat.
2344 2921 2424 2985 (4)

409 3007 612 3066 Domo
640 3017 726 3066 est
753 3025 1024 3084 egressus
1063 3025 1185 3065 non
1228 3006 1412 3066 modo
1450 3008 1675 3066 nullum
1712 3008 1788 3066 ad
1827 3009 2061 3079 bellum,
2092 3009 2197 3068 sed
2239 3006 2313 3069 rie

409 3106 485 3165 ad
523 3104 828 3163 minimam
866 3105 1102 3181 quidem
1146 3105 1539 3181 suspicionem
1583 3106 1754 3179 belli;
1799 3107 2023 3183 legatus
2065 3108 2126 3165 in
2168 3126 2314 3185 pace

408 3203 702 3281 profectus
745 3212 865 3275 est3
908 3203 970 3259 in
1006 3203 1299 3279 provincia
1335 3204 1705 3280 pacatissima
1733 3207 1813 3263 ita
1842 3206 2127 3281 Segessit,
2158 3217 2221 3264 ut
2261 3208 2315 3266 ei

409 3319 619 3378 pacem
648 3320 776 3360 esse
803 3301 1116 3377 expediret.
1201 3301 1495 3361 Profectio
1526 3312 1680 3361 certe
1708 3304 1967 3361 animum
1997 3314 2164 3362 tuum
2192 3323 2315 3364 non

411 3398 584 3457 debet
633 3398 966 3470 offendere;
1030 3417 1176 3456 num
1222 3399 1396 3475 igitur
1439 3402 1777 3462 remansio?
1864 3399 2056 3460 Multo
2104 3402 2312 3462 minus.

411 3496 570 3556 Nam
614 3497 897 3573 profectio
929 3498 1284 3557 voluntatem
1328 3497 1532 3557 habuit
1573 3518 1694 3558 non
1738 3510 1983 3576 turpem,
2020 3502 2315 3560 remansio
