2727 3901
485 192 569 256 30
1032 189 1113 239 M.
1168 189 1393 238 TULLI
1434 189 1835 239 CICERONIS

485 347 688 423 nisque
735 347 899 424 regiS,
951 348 1110 424 quod
1159 348 1347 424 ipsum
1400 349 1507 406 etsi
1553 367 1673 406 non
1720 349 1982 426 iniquum
2033 361 2119 407 est
2168 349 2224 406 in
2276 358 2377 407 tuo

484 444 783 504 dumtaxat
825 425 1094 522 peri'culo,
1126 457 1320 504 tamen
1363 456 1449 505 est
1491 447 1569 505 ita
1598 447 1928 506 inusitatum
1976 466 2167 523 regem
2214 466 2374 506 reum

428 557 456 602 2
485 543 686 619 capitis
714 562 855 613 esse,
884 556 946 602 ut
975 555 1107 602 ante
1138 545 1250 602 hoc
1279 556 1509 621 tempus
1538 565 1658 604 non
1690 546 1760 604 sit
1787 546 2063 603 auditum.
2149 545 2377 604 Deinde

483 655 618 695 eum
653 631 868 714 regem,
897 656 1069 715 quem
1111 657 1315 697 ornare
1351 651 1523 697 antea
1558 650 1769 698 cuncto
1812 659 1944 698 cum
1988 633 2192 698 senatu
2228 640 2379 698 sole-

483 737 621 794 bam
651 754 758 812 pro
788 737 1078 812 perpetuis
1109 738 1231 794 eius
1272 739 1328 794 in
1368 748 1627 795 nostram
1666 756 1789 795 rem
1819 739 2110 814 publicam
2138 738 2371 807 meritiS‚

482 853 638 893 nunc
669 845 870 893 contra
893 836 1312 894 atrocissimum
1343 836 1559 894 crimen
1578 855 1757 911 cogor
1786 836 2107 894 defendere.
2191 837 2374 895 Acce-

471 932 579 1015 nit,
610 944 672 990 ut
700 945 1107 992 accusatorum
1137 934 1368 992 alterius
1391 933 1741 1004 crudelitate,
1774 935 2004 993 alterius
2033 935 2373 1010 indignitate

481 1032 808 1090 conturber.
893 1031 1200 1090 Crudelem
1231 1032 1549 1103 Castorem,
1583 1051 1658 1090 ne
1701 1033 1890 1091 dicam
1938 1033 2276 1092 sceleratum
2319 1045 2375 1091 et

484 1130 740 1205 impium,
791 1130 888 1205 qui
933 1149 1114 1206 nepos
1158 1149 1328 1188 avum
1373 1131 1432 1188 in
1475 1131 1678 1207 capitis
1721 1131 2029 1189 discrimen
2070 1132 2374 1190 adduxerit

480 1228 1018 1308 adulescentiaeque
1048 1248 1186 1287 suae
1215 1239 1492 1287 terrorem
1521 1229 1770 1287 intulerit
1812 1230 1881 1300 ei,
1914 1230 2077 1288 cuius
2100 1242 2374 1319 ⁴senectu-

481 1339 597 1386 tem
628 1327 774 1386 tueri
804 1336 861 1384 et
889 1336 1082 1403 tegere
1112 1327 1378 1398 debebat,
1410 1329 2095 1406 commendationemque
2125 1331 2375 1387 ineuntis

481 1427 681 1485 aetatis
709 1427 782 1484 ab
805 1426 1094 1502 impietate
1115 1437 1172 1485 et
1191 1425 1403 1485 scelere
1426 1426 1667 1497 duxerit,
1688 1428 1775 1484 avi
1791 1446 2018 1485 servum
2042 1438 2375 1503 corruptum

482 1525 752 1601 praemiis
795 1524 869 1583 ad
907 1524 1298 1583 accusandum
1337 1514 1640 1584 dominum
1675 1525 1954 1601 inpulerit,
1985 1545 2020 1584 a
2053 1526 2374 1603 legatorum

427 1644 455 1690 3
485 1623 726 1699 pedibus
761 1623 1097 1680 abduxerit!
1183 1622 1429 1698 Fugitivi
1458 1634 1653 1681 autem
1691 1623 1994 1680 dominum
2034 1625 2372 1694 accusantiS,

480 1733 537 1780 et
579 1722 882 1779 dominum
912 1722 1208 1779 absentem
1237 1731 1292 1778 et
1335 1721 1639 1781 dominum
1683 1721 2097 1780 amicissimum
2142 1733 2374 1781 nostrae

482 1819 560 1878 rei
603 1819 881 1895 publicae,
912 1837 1044 1878 cum
1089 1837 1154 1877 os
1185 1819 1469 1889 videbam,
1501 1838 1636 1878 cum
1679 1821 1853 1877 verba
1896 1820 2219 1892 audiebam,
2253 1839 2374 1878 non

481 1928 602 1976 tam
657 1917 945 1975 adflictam
1003 1918 1219 1994 regiam
1277 1917 1680 1977 condicionem
1737 1917 2005 1977 dolebam
2063 1938 2239 1996 quam
2298 1920 2371 1978 de

482 2015 724 2074 fortunis
779 2016 1189 2073 communibus
1245 2017 1713 2074 extimescebam.
1801 2017 1975 2089 Nam,
2027 2037 2161 2076 cum
2212 2036 2373 2075 more

481 2116 768 2173 maiorum
833 2114 905 2173 de
963 2133 1126 2181 servo
1181 2115 1238 2172 in
1295 2114 1599 2173 dominum
1656 2134 1727 2173 ne
1782 2117 2084 2174 tormentis
2140 2117 2373 2193 quidem

483 2213 680 2289 quaeri
708 2212 888 2284 liceat,
919 2214 976 2269 in
1008 2231 1124 2289 qua
1154 2213 1491 2289 quaestione
1520 2213 1687 2271 dolor
1714 2213 1916 2272 elicere
1946 2233 2141 2273 veram
2169 2233 2373 2273 vocem

481 2311 664 2388 possit
706 2312 878 2370 etiam
921 2313 995 2369 ab
1038 2312 1230 2385 invito,
1276 2322 1512 2370 exortus
1554 2320 1638 2369 est
1680 2329 1892 2383 servu5,
1937 2313 2051 2389 qui,
2096 2331 2271 2389 quem
2315 2314 2373 2369 in

479 2408 683 2469 eculeo
712 2410 1001 2486 appellare
1035 2428 1154 2467 non
1183 2420 1394 2486 posset,
1422 2427 1557 2468 eum
1585 2419 1816 2469 accuset
1850 2410 2084 2469 solutus.

421 2523 448 2569 4
564 2506 631 2561 2.
677 2508 968 2566 Perturbat
997 2527 1107 2578 me,
1141 2508 1208 2566 C.
1240 2508 1473 2579 Caesar,
1504 2508 1677 2565 etiam
1707 2508 1846 2566 illud
1877 2508 2180 2579 interdum,
2213 2508 2372 2583 quod

479 2618 692 2677 tamen,
723 2625 857 2665 cum
889 2617 942 2663 te
973 2605 1200 2681 penitus
1230 2605 1560 2681 recognovi,
1591 2607 1788 2664 timere
1829 2606 2068 2678 desin03
2114 2625 2173 2663 re
2214 2607 2367 2663 enim

477 2707 737 2782 iniquum
787 2715 889 2777 est,
937 2706 1039 2763 sed
1083 2715 1183 2762 tua
1242 2704 1519 2781 sapientia
1579 2705 1639 2762 fit
1696 2705 2127 2780 aequissimum.
2212 2703 2401 2763 Nam·

476 2806 667 2863 dicere
695 2804 850 2880 apud
879 2821 1010 2861 eum
1042 2803 1112 2861 de
1142 2803 1413 2874 facinore,
1445 2814 1645 2861 contra
1670 2803 1833 2861 cuius
1862 2805 2035 2861 vitam
2066 2804 2371 2863 consilium

474 2902 748 2962 facinoris
803 2902 977 2960 inisse
1033 2920 1293 2978 arguare,
1345 2920 1480 2959 cum
1524 2919 1626 2977 per
1678 2920 1738 2959 se
1785 2902 1974 2977 ipsum
2016 2902 2368 2972 considereS,

474 3020 648 3077 grave
697 3011 783 3058 est
803 3020 820 3072 3
864 3018 1042 3058 nemo
1089 3000 1245 3058 enim
1303 2998 1421 3057 fere
1467 3010 1571 3071 est,
1622 3000 1720 3075 qui
1767 3000 1857 3058 sui
1908 3000 2146 3076 periculi
2197 3001 2368 3059 iudex

474 3117 597 3157 non
651 3098 756 3155 sibi
802 3117 863 3157 se
919 3098 1252 3174 aequiorem
1309 3116 1495 3175 quam
1552 3116 1651 3157 reo
1706 3100 1997 3173 praebeat.
2083 3098 2198 3156 Sed
2256 3108 2369 3167 tua,

476 3197 707 3266 Caesar,
737 3207 1034 3271 praestans
1076 3196 1495 3271 singularisque
1538 3206 1743 3254 natura
1769 3195 1927 3255 hunc
1968 3196 2109 3254 mihi
2148 3207 2369 3254 metum

472 3294 691 3351 minuit.
780 3293 918 3353 Non
948 3294 1105 3352 enim
1131 3305 1251 3352 tam
1288 3294 1483 3365 timeo,
1515 3294 1653 3371 quid
1693 3305 1755 3353 tu
1790 3294 1863 3352 de
1902 3312 2035 3370 rege
2066 3293 2365 3364 Deiotar0‚

412 3411 442 3459 5
473 3411 650 3470 quam
679 3393 964 3469 intelleg0,
989 3394 1129 3470 quid
1159 3394 1229 3452 de
1260 3404 1314 3453 te
1346 3406 1570 3454 ceteros
1597 3394 1736 3453 velis
1764 3394 2032 3452 iudicare.
2120 3392 2368 3451 Moveor

2700 1986 2709 2038 -x-
