2727 3901
317 921 380 969 32

430 261 510 308 12
977 259 1058 314 M.
1109 259 1333 309 TULLI
1375 259 1781 310 CICERONIS

424 417 549 477 aliis
604 431 803 498 erepta
873 429 1022 480 sunt.
1122 419 1395 496 Ingratus
1451 430 1537 478 est
1592 420 1950 498 iniustusque
2010 422 2166 494 civis,
2225 425 2325 502 qui

423 535 724 577 armorum
753 518 1012 597 periculo
1049 518 1321 577 liberatus
1360 519 1623 576 animum
1661 529 1855 578 tamen
1888 520 2093 579 retinet
2135 540 2323 581 arma-
2366 541 2371 548 ’

423 624 564 687 tum,
596 627 657 676 ut
695 619 870 676 etiam
907 618 1002 676 ille
1039 616 1245 676 melior
1273 616 1361 688 sit,
1398 613 1522 697 [qui
1566 618 1629 675 in
1669 619 1793 676 acie
1837 615 2092 700 cecidit‚]
2122 621 2224 696 qui
2263 621 2325 678 in

423 732 599 772 causa
621 715 878 773 animam
900 714 1170 791 profudit.
1227 712 1397 785 Quae
1426 715 1582 772 enim
1609 715 1927 790 pertinacia
1955 716 2321 793 quibusdam,

421 812 629 869 eadem
658 813 782 871 aliis
811 813 1138 873 constantia
1165 811 1342 871 videri
1370 822 1583 889 potest.
1658 811 1774 871 Sed
1792 813 1909 872 iam
1930 815 2124 874 omnis
2143 814 2325 874 fracta

424 909 707 970 dissensio
763 921 850 971 est
909 912 1098 982 armis,
1145 911 1399 969 extincta
1454 911 1745 988 aequitate
1794 913 2065 986 victoris;
2125 923 2321 985 restat,

421 1019 486 1066 ut
537 1027 743 1068 omnes
799 1029 982 1068 unum
1031 1009 1221 1078 velint,
1266 1010 1365 1084 qui
1411 1009 1594 1068 modo
1644 1009 1861 1070 habent
1924 1011 2142 1089 aliquid
2201 1031 2323 1072 non

423 1106 610 1166 solum
640 1109 971 1185 sapientiae,
1002 1107 1106 1167 sed
1147 1107 1322 1166 etiam
1366 1109 1649 1166 sanitatis,
1716 1107 1846 1168 Nisi
1880 1120 1952 1182 te,
1986 1110 2054 1170 C.
2087 1109 2321 1182 Caesar,

422 1205 582 1264 salvo
624 1216 681 1265 et
721 1207 783 1265 in
815 1207 923 1266 ista
965 1206 1267 1277 sententia,
1309 1224 1428 1282 qna
1469 1225 1603 1264 cum
1648 1217 1835 1278 antea,
1864 1217 1987 1266 tum
2032 1208 2207 1268 hodie
2235 1209 2323 1268 vel

421 1302 676 1360 maxime
705 1321 842 1362 usus
871 1323 950 1376 eS,
971 1313 1243 1362 manente
1273 1303 1411 1362 salvi
1439 1321 1565 1362 esse
1586 1322 1710 1362 non
1737 1323 2066 1381 possumus.
2123 1305 2322 1379 Quare

421 1419 627 1460 omnes
671 1411 744 1473 te,
789 1403 890 1479 qui
933 1403 1079 1462 haec
1125 1402 1284 1461 salva
1325 1421 1451 1462 esse
1494 1403 1777 1476 volumus,
1819 1413 1877 1462 et
1925 1404 2223 1464 hortamur
2267 1415 2323 1464 et

421 1501 816 1572 obsecramuS,
863 1510 927 1558 ut
968 1501 1116 1558 vitae
1165 1511 1299 1559 tuae
1349 1513 1407 1559 et
1452 1501 1616 1559 saluti
1664 1502 1953 1574 consulaS,
1998 1521 2325 1581 omnesque

420 1597 521 1654 tibi
553 1596 639 1676 (ut
680 1617 788 1674 pro
832 1598 957 1656 aliis
998 1599 1172 1656 etiarn
1214 1597 1438 1676 loquar,
1468 1599 1630 1676 quod
1672 1599 1746 1658 de
1786 1619 1882 1658 me
1925 1601 2050 1677 ipse
2092 1600 2323 1676 sentio),

319 1741 325 1746 .
421 1697 704 1773 quoniam
746 1699 984 1756 subesse
1019 1696 1239 1774 aliquid
1278 1707 1468 1773 putaS‚
1504 1697 1665 1775 quod
1706 1700 2027 1757 cavendum
2072 1699 2158 1772 sit,
2202 1719 2326 1759 non

331 2398 394 2447 38

317 3182 378 3231 34

421 1793 603 1853 modo
633 1795 912 1854 excubias
941 1807 998 1854 et
1027 1795 1336 1868 custodiaS,
1369 1797 1472 1854 sed
1501 1797 1678 1854 etiam
1705 1796 1947 1856 laterum
1987 1808 2322 1857 nostrorum

419 1893 724 1970 oppositus
752 1903 810 1952 et
839 1911 1150 1971 corporum
1179 1893 1537 1970 pollicemur.

419 2061 755 2109 Pet-oration
799 2060 850 2123 (ς
893 2073 915 2107 1
929 2058 996 2123 1).
1068 2060 1107 2108 I
1135 2076 1219 2109 am
1262 2060 1560 2124 expressing
1590 2060 1673 2110 the
1698 2062 1959 2125 gratitude
1992 2063 2057 2128 ῳ(
2080 2064 2159 2113 all
2170 2079 2189 2113 .·
2238 2065 2327 2113 but

551 2142 731 2191 besides
761 2143 889 2203 that,
914 2158 998 2205 my
1029 2158 1144 2191 own
1169 2142 1431 2205 gratitude
1446 2144 1544 2207 for
1573 2144 1677 2193 this
1698 2160 1837 2208 your
1865 2148 2129 2211 crowning
2144 2148 2326 2196 service

552 2231 600 2274 to
622 2225 807 2289 myself
822 2226 884 2302 in·
903 2224 985 2274 the
995 2232 1179 2290 person
1199 2224 1262 2290 qs
1269 2226 1558 2275 Marcellus.

503 2372 619 2429 11.
670 2374 788 2435 Sed
815 2385 894 2448 ut,
923 2375 1078 2434 unde
1107 2386 1194 2435 est
1221 2394 1371 2449 orsa,
1402 2377 1462 2434 in
1500 2377 1710 2437 eodem
1750 2379 2087 2437 terminetur
2118 2379 2321 2449 orati0‚

419 2475 706 2551 maximas
748 2475 852 2533 tibi
894 2493 1100 2533 omnes
1141 2476 1357 2551 gratias
1400 2476 1643 2552 agimuS,
1688 2476 1755 2535 C.
1801 2476 2034 2549 Caesar,
2075 2477 2323 2535 maiores

419 2574 596 2633 etiam
640 2572 942 2632 habemus·
1028 2573 1188 2632 Nam
1233 2592 1443 2633 omnes
1503 2574 1660 2634 idem
1716 2576 1985 2648 sentiunt,
2032 2574 2194 2651 quod
2249 2594 2323 2633 ex

419 2672 688 2730 omnium
729 2673 1001 2748 precibus
1041 2682 1098 2731 et
1140 2672 1391 2731 lacrimis
1434 2673 1648 2732 sentire
1689 2673 1941 2751 potuisti.
2029 2672 2145 2733 Sed
2186 2674 2323 2749 quia

421 2782 544 2827 non·
574 2779 661 2828 est
689 2770 964 2829 omnibus
993 2771 1280 2829 stantibus
1318 2788 1559 2830 necesse
1595 2771 1799 2842 dicere,
1837 2790 1872 2829 a
1900 2790 1996 2829 me
2026 2780 2182 2831 certe
2211 2772 2322 2829 dici

420 2868 637 2939 volunt,
690 2868 783 2926 cui
832 2886 1070 2927 necesse
1125 2878 1214 2927 est
1270 2868 1529 2945 quodam
1586 2870 1765 2928 modo
1782 2888 1799 2941 3
1859 2880 1934 2941 et,
1986 2869 2146 2946 quod
2201 2869 2323 2929 fieri

421 2966 588 3025 decet
616 2964 701 3023 M.
733 2965 1016 3025 Marcello
1044 2986 1079 3024 a
1107 2976 1165 3025 te
1192 2965 1327 3025 huic
1367 2967 1556 3026 ordini
1588 2968 1923 3045 populoque
1963 2966 2239 3028 Romano
2267 2979 2325 3026 et

421 3065 504 3123 rei
532 3064 798 3141 publicae
828 3065 1073 3137 reddito,
1105 3066 1227 3123 fieri
1253 3066 1314 3123 id
1341 3066 1630 3142 intellego.
1702 3065 1861 3125 Nam
1889 3067 2091 3125 laetari
2118 3084 2325 3126 omnes

421 3180 544 3221 non
573 3162 645 3221 de
673 3163 844 3221 unius
873 3164 1080 3235 solum,
1111 3164 1214 3223 sed
1244 3164 1316 3223 de
1343 3165 1642 3223 communi
1672 3165 1852 3223 salute
1880 3166 2084 3225 sentio.
2142 3165 2325 3238 Quod

421 3270 618 3320 autem
667 3280 934 3321 summae
981 3262 1402 3322 benivolentiae
1450 3273 1553 3335 est,
1600 3282 1752 3339 quae
1800 3282 1934 3323 mea
1979 3284 2117 3341 erga
2161 3264 2324 3323 illum

422 3360 698 3417 omnibus
739 3378 970 3437 semper
1011 3373 1150 3421 nota
1191 3360 1310 3434 suit,
1341 3371 1406 3420 ut
1434 3361 1527 3419 vix
1565 3362 1633 3422 C.
1664 3360 1967 3436 Marcello,
1998 3365 2225 3442 optimo
2268 3373 2326 3422 et

423 3458 820 3517 amantissimo
861 3458 1034 3533 fratri,
1064 3470 1289 3537 praeter
1329 3478 1466 3519 eum
1504 3460 1741 3537 quidem
1783 3462 2050 3521 cederem
2087 3462 2323 3534 nemini,
