2727 3901
601 247 750 298 PRO
794 247 876 297 M.
921 243 1328 297 MARCELLO
1377 246 1669 298 ORATIO.
1758 234 1831 318 ᾗῇ
1879 245 2111 318 25—31.
2228 254 2300 300 11

403 415 738 482 stupescent
797 407 1012 483 posteri
1068 417 1220 465 certe
1290 406 1552 483 imperia,
1614 406 1952 483 provinciaS,
2010 404 2305 477 Rhenum,

405 501 730 575 Oceanum,
787 502 1008 574 Nilum,
1091 521 1318 580 pugnas
1395 502 1863 575 innumerabileS,
1940 503 2307 562 incredibiles

402 600 682 671 victorias,
738 601 1117 672 monimenta,
1176 619 1436 672 munera,
1494 599 1819 677 triumphos
1880 599 2181 659 audientes
2248 611 2307 658 et

403 696 662 772 legentes
690 710 838 759 tuos.
925 699 1041 758 Sed
1083 699 1193 758 nisi
1233 698 1381 758 haec
1421 699 1561 757 urbs
1600 699 1854 757 stabilita
1893 699 2007 757 tuis
2048 699 2307 758 consiliis
2331 707 2393 754 29

401 805 459 853 et
486 795 754 856 institutis
782 799 904 869 erit,
936 798 1240 873 vagabitur
1267 797 1450 857 modo
1477 808 1645 856 tuum
1679 815 1894 856 nomen
1925 797 2101 873 longe
2130 808 2305 875 atque

398 893 530 966 late,
577 894 776 953 sedem
819 896 1080 954 stabilem
1123 907 1182 954 et
1224 894 1580 954 domicilium
1626 905 1845 954 certum
1888 913 2010 954 non
2052 893 2305 954 habebit.

400 992 527 1051 Erit
567 993 715 1051 inter
756 1013 860 1053 eos
901 995 1094 1065 etiam,
1140 994 1239 1071 qui
1283 1003 1610 1065 nascentur,
1642 993 1789 1052 sicut
1832 993 1981 1052 inter
2023 1011 2137 1052 nos
2178 992 2304 1064 fuit,

401 1109 618 1168 magna
658 1092 962 1164 dissensio,
1009 1111 1143 1151 curn
1189 1092 1283 1150 alii
1330 1092 1597 1150 laudibus
1642 1092 1718 1151 ad
1767 1092 1992 1150 caelum
2034 1110 2128 1151 res
2173 1103 2304 1150 tuas

398 1201 598 1264 gestas
638 1191 893 1263 efferent,
935 1193 1028 1250 alii
1070 1191 1317 1252 fortasse
1368 1192 1585 1270 aliquid
1633 1193 1945 1269 requirent,
1988 1191 2163 1269 idque
2212 1192 2303 1251 vel

398 1289 739 1362 maximum,
784 1291 895 1349 nisi
944 1291 1075 1350 belli
1119 1292 1298 1351 civilis
1340 1291 1675 1350 incendium
1721 1291 1902 1350 salute
1950 1291 2169 1367 patriae
2212 1310 2299 1348 re·

399 1386 686 1459 stinxeriS,
717 1399 780 1446 ut
818 1389 960 1449 illud
1002 1389 1104 1447 fati
1145 1389 1317 1448 fuisse
1355 1389 1632 1460 videatur,
1663 1388 1775 1448 hoc
1815 1389 2053 1449 consilii.
2142 1387 2301 1448 Servi

396 1484 570 1559 igitur
609 1485 679 1544 iis
721 1487 895 1545 etiam
937 1487 1245 1560 iudicibus,
1286 1489 1386 1564 qui
1428 1487 1619 1545 multis
1660 1496 1795 1564 post
1838 1487 2079 1546 saeculis
2127 1486 2201 1546 de
2242 1498 2299 1546 te

393 1582 748 1654 iudicabunt,
792 1596 848 1643 et
891 1587 1129 1662 quidem
1170 1585 1326 1644 haud
1378 1585 1499 1644 scio
1548 1603 1624 1643 an
1683 1585 2071 1660 incorruptius
2119 1603 2296 1661 quam

395 1699 506 1738 nos
522 1700 540 1752 ς
585 1699 724 1739 nam
759 1694 816 1742 et
854 1684 979 1742 sine
1009 1702 1207 1743 amore
1239 1695 1295 1743 et
1336 1684 1462 1742 sine
1492 1683 1807 1760 cupiditate
1836 1695 1894 1742 et
1935 1701 2129 1742 rursus
2174 1684 2299 1742 sine

371 1778 532 1844 ,odio
573 1788 631 1838 et
673 1781 795 1839 sine
837 1780 1049 1840 invidia
1098 1781 1449 1842 iudicabunt.
1531 1782 1603 1840 Id
1659 1791 1855 1840 autem
1901 1782 2126 1840 etiamsi
2170 1793 2295 1840 tum
2324 1793 2387 1841 80

393 1877 471 1936 ad
525 1888 599 1948 te,
649 1889 710 1936 ut
758 1880 998 1957 quidam
1055 1875 1256 1962 [falso]
1313 1890 1535 1958 putant,
1584 1899 1705 1940 non
1762 1881 2086 1958 pertinebit,
2137 1899 2294 1940 nunc

391 1988 542 2035 certe
589 1978 832 2055 pertinet
876 1996 1003 2037 esse
1046 1990 1102 2039 te
1147 1979 1338 2052 talem,
1393 1990 1456 2038 ut
1502 1990 1627 2039 tuas
1674 1979 1873 2038 laudes
1915 1981 2299 2040 obscuratura

391 2074 548 2132 nulla
575 2093 856 2153 umquam
886 2078 957 2137 sit
986 2078 1215 2137 oblivio.

388 2249 711 2306 Retuming
742 2254 803 2298 to
837 2252 935 2298 the
968 2252 1188 2308 subject
1216 2253 1282 2299 of
1305 2254 1395 2301 eh.
1420 2252 1522 2301 vii.
1591 2251 1693 2300 The
1720 2251 1977 2300 miserable
2010 2252 2227 2315 struggle
2250 2254 2295 2302 is
2384 2286 2405 2307 .

518 2344 650 2379 over.
727 2331 829 2379 The
859 2333 1140 2396 generosity
1172 2332 1234 2397 Of
1259 2334 1342 2381 the
1382 2334 1543 2381 victor
1572 2332 1663 2381 has
1692 2332 1917 2396 changed
1939 2349 2039 2381 our
2070 2334 2296 2399 hostility

520 2413 627 2460 into
649 2412 822 2476 hearty
843 2414 1111 2477 allegiance
1126 2432 1142 2463 .-
1179 2430 1254 2463 we
1269 2415 1387 2463 will
1403 2414 1679 2479 shieldyou
1693 2415 1819 2463 with
1841 2431 1939 2465 our
1951 2432 2065 2465 own
2088 2416 2261 2467 bodies.

473 2577 586 2633 ιο,
634 2562 910 2623 Diversae
958 2563 1284 2625 voluntates
1329 2565 1545 2623 civium
1588 2563 1817 2624 fuerunt
1866 2565 2295 2645 distractaeque

387 2662 725 2721 sententiae.
832 2662 972 2721 Non
1032 2664 1187 2721 enim
1242 2663 1499 2722 consiliis
1554 2661 1745 2722 solum
1801 2674 1859 2721 et
1914 2664 2134 2738 studiiS,
2186 2667 2289 2725 sed

383 2760 561 2818 armis
588 2760 762 2818 etiam
790 2771 849 2819 et
876 2762 1078 2819 castris
1117 2761 1575 2833 dissidebamus3
1618 2773 1739 2820 erat
1774 2763 1929 2820 enim
1970 2764 2289 2824 obscuritas

386 2857 692 2935 quaedam,
743 2868 864 2917 erat
908 2871 1198 2918 certamen
1245 2860 1392 2918 inter
1449 2860 1799 2920 clarissimos
1848 2862 2066 2933 duces3
2126 2864 2288 2925 multi

385 2954 744 3028 dubitabant,
775 2956 915 3033 quid
943 2958 1233 3033 optimum
1262 2969 1430 3029 esset,
1462 2957 1642 3028 multi,
1662 2959 1804 3034 quid
1834 2960 1944 3018 sibi
1970 2960 2287 3035 expediret,

382 3053 566 3124 multi,
611 3053 754 3130 quid
796 3055 1041 3127 deceret,
1078 3074 1200 3115 non
1246 3056 1393 3113 nulli
1433 3057 1629 3128 etiam,
1668 3058 1808 3133 quid
1850 3058 2063 3116 liceret.
2150 3058 2285 3117 Per·
2314 3074 2375 3121 31

381 3150 578 3211 functa
606 3170 699 3211 res
730 3152 962 3229 publica
989 3164 1076 3211 est
1105 3152 1216 3213 hoc
1246 3154 1464 3213 misero
1507 3154 1779 3232 fatalique
1808 3156 1960 3215 bello
1984 3175 2000 3228 3
2044 3156 2175 3215 vicit
2217 3158 2284 3228 is,

381 3249 480 3325 qui
525 3267 648 3308 non
690 3250 923 3310 fortuna
970 3252 1355 3311 inflammaret
1400 3253 1602 3312 odium
1646 3272 1835 3327 suum,
1883 3254 1985 3313 sed
2026 3256 2287 3315 bonitate

379 3347 599 3419 leniret,
620 3367 729 3407 nec
757 3350 857 3425 qui
885 3368 1110 3421 omneS,
1137 3350 1349 3428 quibus
1378 3352 1555 3411 iratus
1585 3364 1753 3424 esset,
1780 3352 2021 3411 eosdem
2053 3350 2283 3434 [etiam]

379 3444 552 3504 exilio
579 3457 678 3505 aut
707 3458 895 3507 morte
924 3448 1136 3526 dignos
1165 3448 1457 3509 iudicaret.
1513 3452 1697 3510 Arma
1726 3452 1801 3511 ab
1830 3451 1955 3509 aliis
1983 3452 2186 3527 posita,
2206 3455 2284 3509 ab
