2727 3901
631 256 775 307 PRO
823 257 886 320 ρ.
932 253 1238 308 LIGARIO
1286 256 1579 309 ORATIO.
1672 243 1749 329 §5
1800 243 2029 309 16—20.
2198 263 2274 310 21

381 427 437 475 te
491 415 899 475 contumeliam
969 415 1347 493 propulsare?
1448 414 1609 488 Quid
1664 416 1781 493 egit
1839 426 1973 474 tuus
2029 415 2276 474 invictus

384 518 679 589 exercitus,
708 519 817 576 nisi
854 528 916 577 ut
960 536 1128 576 suum
1169 519 1258 577 ius
1299 527 1552 578 tueretur
1591 527 1649 577 et
1689 519 2031 596 dignitatem
2071 520 2280 577 tuam?

387 615 592 688 Quid?
636 625 698 674 tu
733 634 869 675 cum
897 635 1102 693 pacem
1143 634 1271 676 esse
1314 617 1608 693 cupiebas,
1638 616 1774 675 idne
1816 618 2050 694 agebaS,
2079 627 2142 676 ut
2182 616 2283 676 tibi

387 733 524 774 cum
553 714 841 778 sceleratis
868 732 946 772 an
974 724 1037 772 ut
1069 733 1204 774 cum
1232 714 1405 773 bonis
1434 715 1652 773 civibus
1685 715 2061 774 conveniret?
2134 713 2281 773 Mihi
2310 720 2371 765 19

386 830 540 884 vem,
583 812 813 884 Caesar,
843 823 939 872 tua
981 814 1040 870 in
1083 831 1177 872 me
1217 813 1478 871 maxima
1518 813 1722 872 merita
1764 823 1923 872 tanta
1964 823 2118 872 certe
2160 831 2284 873 non

388 910 732 982 viderentur,
762 912 809 969 si
839 930 933 970 me
960 921 1021 969 ut
1050 911 1391 970 sceleratum
1418 930 1456 970 a
1482 921 1537 970 te
1571 921 1977 974 conservatum
2006 920 2285 990 putarem.

389 1007 530 1081 Quo
557 1008 737 1068 modo
767 1019 960 1067 autem
990 1021 1051 1068 tu
1081 1008 1152 1068 de
1183 1028 1246 1068 re
1273 1008 1508 1086 publica
1527 1009 1677 1068 bene
1694 1010 1933 1068 meritus
1955 1027 2127 1079 esses,
2150 1027 2287 1067 cum

389 1117 476 1166 tot
517 1106 828 1166 sceleratos
868 1107 1147 1166 incolumi
1182 1107 1459 1184 dignitate
1501 1125 1629 1166 esse
1671 1107 1995 1166 voluisses?
2082 1105 2286 1166 Seces-

391 1206 611 1265 sionem
656 1216 716 1263 tu
757 1205 913 1263 illam
956 1205 1362 1277 existimavisti,
1401 1206 1635 1278 Caesar,
1675 1207 1855 1278 initio,
1890 1224 2011 1264 non
2052 1205 2288 1276 bellum,

392 1303 815 1381 neque-hostile
844 1304 1060 1376 odium,
1092 1305 1196 1364 sed
1225 1304 1388 1364 civile
1416 1304 1738 1375 discidium,
1764 1304 2022 1381 utrisque
2053 1304 2288 1380 cupien-

393 1403 542 1462 tibus
584 1420 709 1461 tem
751 1403 1045 1479 publicam
1088 1404 1323 1476 salvam,
1368 1405 1471 1463 sed
1513 1404 1723 1481 partim
1764 1403 2033 1476 consiliis,
2076 1403 2289 1480 partim

393 1500 593 1559 studiis
649 1519 684 1560 a
749 1502 1047 1560 communi
1116 1502 1351 1561 utilitate
1421 1502 1838 1560 aberrantibus
1949 1500 2290 1577 Principum

395 1598 645 1674 dignitas
673 1608 795 1658 erat
823 1618 1009 1676 paene
1036 1613 1158 1678 par,
1180 1618 1302 1659 non
1322 1618 1429 1676 par
1455 1599 1698 1658 fortasse
1720 1617 1937 1671 eorum,
1959 1599 2058 1676 qui
2086 1616 2289 1675 seque·

395 1698 640 1770 bantur;
701 1715 880 1756 causa
920 1709 1043 1756 tum
1084 1699 1277 1768 dubia,
1321 1698 1483 1775 quod
1523 1706 1646 1758 erat
1687 1696 1904 1775 aliquid
1946 1697 2007 1754 in
2048 1708 2290 1773 utraque

394 1805 572 1873 parte,
602 1795 762 1872 quod
790 1797 1019 1873 probari
1060 1805 1294 1875 posset3
1338 1815 1497 1856 nunc
1525 1796 1728 1854 melior
1753 1814 1824 1856 ea
1852 1794 2162 1854 iudicanda
2189 1803 2291 1867 est,

397 1911 574 1971 quam
617 1894 790 1954 etiam
831 1894 890 1954 di
931 1895 1290 1955 adiuverunt.
1375 1894 1633 1972 Cognita
1671 1913 1808 1954 vero
1852 1893 2154 1954 clementia
2194 1903 2295 1952 tua

398 1992 528 2069 quis
556 2011 678 2053 non
707 2011 838 2051 eam
867 1994 1162 2054 victoriam
1190 1994 1419 2072 probet,
1442 1994 1504 2052 in
1532 2012 1648 2071 qua
1676 1993 1951 2053 occiderit
1976 2010 2155 2051 nemo
2184 1992 2295 2049 nisi

398 2101 652 2149 armatus
673 2093 694 2148 ?

400 2280 498 2328 111.
558 2280 640 2342 (55
681 2279 880 2343 20-28).
958 2280 1060 2330 The
1095 2284 1182 2329 ‘tu
1217 2280 1435 2346 quoque’
1469 2285 1739 2343 argument
1776 2278 1838 2343 of
1869 2282 1894 2338 5
1931 2293 1963 2343 9
1996 2293 2129 2327 more
2148 2276 2298 2341 fully

529 2362 730 2412 worked
743 2368 842 2411 out.
894 2364 958 2413 A.
988 2363 1071 2427 (55
1101 2363 1282 2427 20-22)
1330 2363 1520 2412 Tubero
1541 2360 1755 2427 himself
1766 2362 1810 2410 is
1832 2376 1965 2411 more
1978 2360 2150 2425 guilty
2172 2360 2297 2408 than

530 2444 790 2509 Ligarius.
851 2444 1004 2494 What
1023 2446 1148 2495 need
1163 2462 1268 2494 was
1296 2444 1434 2495 there
1438 2444 1536 2509 fhr
1557 2444 1665 2493 him
1693 2450 1743 2493 to
1764 2459 1829 2508 go
1860 2450 1908 2493 to
1929 2442 2113 2507 Africa
2128 2441 2153 2491 ?
2216 2442 2299 2492 He

529 2527 704 2590 obeyed
719 2542 752 2574 a
763 2527 1026 2591 powerless
1047 2530 1240 2586 Senate,
1266 2527 1513 2591 Ligarius
1534 2542 1567 2575 a
1571 2526 1691 2591 free
1714 2527 1905 2575 Senate.
1975 2527 1989 2551 ‘
2006 2525 2046 2573 I
2060 2524 2218 2585 know,
2244 2539 2300 2572 as

529 2626 562 2659 a
576 2608 770 2673 friend
799 2609 862 2674 of
883 2608 965 2658 the
997 2608 1131 2659 elder
1173 2611 1224 2659 T
1216 2609 1381 2670 ubera,
1418 2609 1530 2658 that
1565 2608 1625 2658 he
1661 2608 1822 2670 might
1857 2608 1983 2656 have
1995 2606 2211 2671 pleaded
2238 2606 2304 2654 ill

522 2692 698 2741 ‘healtlz
717 2693 775 2740 in
799 2706 986 2753 excuse,
999 2691 1110 2740 and
1124 2690 1232 2740 had
1248 2691 1427 2740 indeed
1444 2697 1614 2740 meant
1634 2696 1682 2738 to
1702 2690 1763 2738 do
1784 2705 1847 2740 σο.
1918 2688 1978 2738 Β.
2002 2692 2086 2752 (55
2116 2690 2299 2750 22-25)

539 2774 732 2823 Tubero
765 2775 1036 2838 complains
1066 2774 1131 2838 of
1150 2779 1237 2823 not
1269 2772 1469 2836 having
1494 2772 1607 2821 been
1637 2771 1885 2820 admitted
1904 2770 1984 2834 (by
2017 2772 2183 2820 Varus
2216 2775 2303 2818 not

531 2855 798 2920 Ligarius)
821 2856 928 2905 into
949 2856 1031 2905 the
1042 2856 1281 2920 province
1294 2870 1319 2915 ,·
1350 2854 1441 2903 but
1460 2854 1567 2903 had
1577 2854 1637 2902 he
1656 2854 1771 2902 been
1785 2853 2041 2913 admitted,
2063 2852 2235 2901 would
2244 2851 2303 2900 he

531 2938 656 2988 have
690 2925 892 2987 handed
917 2938 962 2987 it
993 2953 1109 2988 over
1138 2945 1188 2987 to
1225 2936 1447 2987 Caesar?
1478 2936 1599 2984 such
1621 2951 1653 2984 a
1674 2935 1975 2999 proceeding
1990 2934 2161 2983 would
2177 2934 2302 2983 have

531 3021 644 3069 been
680 3018 1038 3084 unjustffiable.
1106 3019 1236 3069 And
1268 3019 1328 3067 in
1341 3017 1461 3083 fact
1492 3017 1537 3067 it
1564 3033 1670 3066 was
1702 3017 1859 3083 before
1896 3016 2161 3081 Pompeius
2192 3016 2304 3064 that

531 3102 612 3152 the
643 3102 918 3151 Tuberones
941 3102 1113 3166 lodged
1126 3101 1261 3151 their
1261 3099 1396 3165 first
1413 3097 1713 3164 complaint.’

487 3262 553 3321 ⁷.
599 3262 714 3322 Sed
756 3271 818 3320 ut
860 3262 1123 3322 omittam
1165 3278 1541 3321 communem
1583 3276 1841 3330 causam,
1882 3257 2182 3316 veniamus
2228 3254 2301 3313 ad
2328 3267 2415 3315 20-

404 3372 678 3421 nostram.
810 3358 1022 3419 Utrum
1098 3360 1336 3419 tandem
1426 3358 1722 3417 existimas
1765 3351 1774 3359 ”
1806 3355 2024 3415 facilius
2106 3353 2301 3423 fuisse,

405 3460 662 3531 Tuber0,
710 3458 1008 3537 Ligarium
1067 3478 1141 3517 ex
1186 3457 1383 3516 Africa
1438 3456 1594 3517 exire
1651 3474 1726 3515 an
1780 3473 1885 3513 vos
1939 3454 2002 3512 in
2045 3450 2304 3511 Africam
