2727 3901
573 222 715 272 RRO
760 222 966 270 REGE
1009 221 1399 271 DEIOTARO
1449 221 1740 272 ORATIO.
1836 209 1911 292 ᾗς
1965 223 2097 288 1-7.
2196 227 2272 292 31

383 381 556 440 etiam
594 380 707 439 loci
749 381 930 457 ipsius
974 380 1292 450 insolentia,
1326 379 1485 455 quod
1514 390 1733 436 tantam
1778 397 2032 450 causam,
2066 388 2283 456 quanta

384 479 540 537 nulla
590 498 872 556 umquam
923 481 982 536 in
1039 479 1461 554 disceptatione
1508 489 1725 536 versata
1781 487 1886 548 est,
1946 478 2080 537 dico
2136 478 2282 536 intra

384 579 738 637 domesticos
787 578 1054 654 parieteS,
1101 578 1233 636 dico
1288 587 1453 635 extra
1502 587 1853 636 conventum
1900 587 1956 634 et
2000 594 2129 634 eam
2176 575 2283 634 fre-

383 679 698 752 quentiam,
750 677 809 733 in
860 695 975 753 qua
1020 686 1313 734 oratorum
1374 675 1561 732 studia
1618 676 1719 732 niti
1778 676 1997 745 solent;
2055 675 2115 732 in
2171 676 2284 732 tuis

384 774 583 842 oculis,
627 775 687 831 in
732 785 830 832 tuo
873 792 974 832 ore
1016 775 1294 850 vultuque
1337 773 1671 848 adquiesco,
1717 785 1774 830 te
1818 790 2001 830 unum
2040 773 2285 843 intueor,

384 872 458 931 ad
486 881 542 931 te
572 890 754 928 unum
778 872 969 930 omnis
998 891 1129 930 mea
1160 881 1383 948 spectat
1412 873 1627 941 oratio;
1665 890 1813 947 quae
1844 871 1986 929 mihi
2016 871 2092 929 ad
2119 889 2284 948 spem

385 971 738 1046 optinendae
794 971 1044 1029 veritatis
1098 971 1437 1047 gravissima
1494 980 1643 1041 sunt,
1701 971 1775 1028 ad
1830 980 2054 1028 motum
2106 970 2283 1028 animi

385 1079 442 1126 et
485 1069 559 1126 ad
601 1087 838 1128 omnem
877 1070 1158 1145 impetum
1192 1069 1423 1127 dicendi
1460 1069 2011 1145 contentionemque
2051 1069 2282 1127 leviora.

387 1167 564 1226 Hanc
595 1168 749 1225 enim
795 1186 1048 1236 causam,
1082 1167 1150 1226 C.
1181 1167 1415 1238 Caesar,
1446 1169 1491 1225 si
1518 1155 1578 1224 in
1621 1166 1747 1224 foro
1776 1167 2030 1226 dicerem
2072 1168 2281 1226 eodem
2312 1171 2339 1216 6

387 1266 656 1324 audiente
711 1278 770 1324 et
827 1267 1186 1342 disceptante
1242 1275 1314 1335 te,
1374 1275 1652 1341 quantam
1722 1265 1862 1323 mihi
1934 1265 2282 1323 alacritatem

386 1360 588 1436 populi
631 1359 888 1418 Romani
931 1379 1249 1418 concursus
1292 1360 1570 1418 adferret!
1656 1358 1805 1430 Quis
1848 1359 2003 1418 enirn
2048 1360 2186 1417 civis
2232 1361 2282 1417 ei

386 1458 506 1534 regi
535 1477 654 1516 non
681 1458 910 1529 faveret,
949 1458 1110 1516 cuius
1150 1476 1388 1516 omnem
1417 1467 1664 1516 aetatem
1704 1459 1765 1514 in
1794 1458 1990 1534 populi
2032 1458 2283 1516 Romani

388 1556 549 1615 bellis
591 1567 1002 1633 consumptam
1031 1575 1159 1614 esse
1198 1556 1591 1614 meminisset?
1679 1555 2013 1630 Spectarem
2043 1556 2280 1625 curiam,

387 1655 638 1712 intuerer
663 1653 873 1725 forum,
905 1653 1130 1712 caelum
1162 1654 1416 1730 denique
1459 1663 1691 1712 testarer
1726 1653 1935 1728 ipsum.
2024 1653 2118 1712 Sic
2149 1671 2282 1712 cum

385 1763 443 1810 et
500 1752 742 1810 deorum
799 1752 1209 1811 immortalium
1265 1763 1320 1810 et
1377 1751 1577 1828 populi
1634 1751 1888 1810 Romani
1935 1762 1993 1810 et
2049 1761 2282 1810 senatus

387 1849 668 1908 beneficia
724 1851 783 1908 in
831 1869 1026 1926 regem
1083 1849 1426 1909 Deiotarum
1484 1850 1831 1922 recordarer,
1889 1850 2049 1910 nullo
2104 1851 2281 1909 modo

387 1947 528 2005 mihi
584 1947 783 2007 deesse
839 1958 1036 2025 posset
1090 1949 1292 2008 oratio.
1394 1947 1562 2021 Quae
1619 1949 1897 2025 quoniam
1952 1952 2283 2025 angustiora
2309 1958 2336 2010 7

387 2046 634 2123 parietes
667 2046 885 2106 faciunt
914 2048 1185 2125 actioque
1214 2048 1507 2106 maximae
1534 2065 1744 2106 causae
1773 2046 2094 2105 debilitatur
2129 2048 2280 2115 loco,

388 2154 553 2201 tuum
595 2154 698 2216 est,
733 2144 967 2218 Caesar,
996 2146 1096 2221 qui
1138 2164 1245 2222 pro
1288 2146 1482 2203 multis
1524 2164 1697 2222 saepe
1728 2146 1929 2217 dixisti,
1961 2146 2099 2221 quid
2142 2146 2283 2203 mihi

389 2261 545 2301 nunc
605 2243 782 2300 animi
839 2243 925 2315 sit,
974 2244 1048 2302 ad
1099 2255 1153 2302 te
1205 2245 1397 2320 ipsum
1444 2243 1667 2315 referre,
1716 2262 1834 2320 quo
1878 2243 2097 2303 facilius
2146 2263 2283 2303 cum

389 2340 648 2417 aequitas
677 2350 790 2411 tua,
820 2352 941 2421 tum
985 2342 1251 2400 audiendi
1295 2341 1591 2417 diligentia
1620 2341 1841 2400 minuat
1884 2342 2032 2401 hanc
2062 2352 2282 2419 pertur-

386 2439 682 2497 bationem
712 2458 922 2497 meam.

473 2536 589 2595 Sed
639 2548 950 2612 antequam
1008 2537 1080 2595 de
1137 2538 1503 2596 accusatione
1560 2537 1684 2613 ipsa
1730 2537 1879 2607 dieo,
1928 2536 1999 2595 de
2045 2555 2282 2595 accusa-

389 2646 579 2695 torum
624 2654 726 2711 spe
756 2654 944 2711 pauca
985 2633 1174 2694 dicam
1194 2655 1208 2706 ;
1252 2636 1353 2712 qui
1394 2654 1528 2694 cum
1556 2635 1855 2703 videantur
1898 2655 2005 2695 nec
2048 2637 2281 2712 ingenio

387 2753 497 2793 nec
524 2753 632 2791 usu
678 2743 851 2810 atque
885 2734 1290 2793 exercitatione
1334 2752 1523 2792 rerum
1553 2733 1757 2805 valere,
1791 2746 1983 2792 tamen
2019 2735 2093 2793 ad
2131 2734 2280 2792 hanc

389 2850 624 2891 causam
653 2850 775 2890 non
805 2831 928 2890 sine
956 2830 1148 2908 aliqua
1177 2850 1277 2907 spe
1305 2843 1361 2891 et
1389 2832 1735 2907 cogitatione
1765 2842 2056 2891 venerunt.
2149 2888 2154 2891 .

391 3038 548 3084 First
571 3038 837 3084 Divizion
872 3038 936 3084 of
963 3039 1060 3084 the
1087 3038 1304 3093 speech
1331 3036 1413 3097 (ἐξ
1441 3035 1613 3097 8-14),
1639 3042 1691 3083 to
1724 3036 1857 3085 clear
1880 3036 1963 3085 the
1988 3037 2183 3099 ground
2206 3036 2284 3084 for

520 3134 551 3165 a
572 3118 836 3167 refutation
861 3118 919 3166 of
935 3118 1018 3167 the
1039 3118 1173 3166 main
1197 3118 1395 3181 charge.

392 3200 444 3263 (ξ
471 3199 522 3262 8)
553 3198 775 3249 Caesar's
795 3199 1096 3263 diqpleasure
1117 3199 1318 3264 against
1347 3199 1623 3248 Deiotarus
1640 3200 1933 3265 deprecated,
1956 3200 2017 3263 by
2036 3199 2116 3248 tlte
2136 3200 2206 3248 tie
2236 3202 2299 3264 of

521 3280 808 3345 hospitality
829 3280 1035 3329 between
1058 3282 1190 3330 them
1209 3297 1232 3340 ;
1267 3286 1280 3309 ‘
1298 3281 1407 3329 had
1429 3281 1488 3330 lte
1509 3282 1625 3343 only
1648 3288 1733 3329 not
1741 3281 1919 3343 joined
1938 3282 2203 3345 Pompeius
2226 3283 2283 3331 in

510 3370 708 3427 person,
713 3378 817 3425 you
832 3364 1004 3411 would
1015 3378 1166 3412 never
1177 3364 1302 3412 have
1314 3364 1621 3427 complained
1632 3370 1688 3411 at
1699 3363 1785 3412 all.
1826 3362 1875 3427 (§
1902 3363 1979 3425 ιο)
1993 3364 2281 3420 Deiotarus,

520 3461 553 3492 a
570 3444 837 3508 fhreigmr
869 3445 926 3493 in
961 3460 994 3493 a
1023 3445 1214 3494 distant
1241 3445 1379 3505 land,
1408 3432 1549 3494 made
1578 3445 1658 3494 tlte
1680 3461 1811 3494 same
1835 3445 2039 3494 mistake
2070 3446 2183 3493 that
2212 3461 2284 3493 we
