2727 3901
480 230 623 281 PRO
668 230 878 280 REGE
921 230 1314 281 DEIOTARO
1362 230 1657 281 ORATIO.
1694 238 1703 247 ·
1748 217 1819 301 ἕξ
1865 235 2096 302 30-34
2173 236 2257 301 43

363 388 679 447 clarissimo
709 389 848 461 viro,
881 389 979 466 qui
1007 399 1130 447 tum
1169 408 1308 448 casu
1338 389 1497 466 apud
1541 388 1869 448 Domitium
1906 389 2170 458 cenabat,
2202 397 2259 446 et

360 487 474 546 hoc
504 487 579 546 T.
610 486 932 564 Torquate,
969 489 1197 565 optimo
1226 487 1610 560 adulescente,
1642 505 1703 544 se
1741 505 1776 545 a
1812 497 1867 544 te
1896 495 2256 562 corruptum,

359 585 472 642 tuis
500 586 800 662 promissis
829 586 888 643 in
916 584 1179 645 fraudem
1209 586 1505 662 inpulsum
1539 603 1669 644 esse
1697 583 2000 644 confessus
2028 585 2155 642 est?

445 681 558 737 12.
607 676 776 757 Quae
825 695 910 744 est
964 685 1073 744 ista
1129 697 1248 743 tam
1298 685 1606 760 impotens,
1659 694 1779 742 tam
1828 683 2090 754 crudelis,
2136 691 2257 740 tam

359 781 723 841 inmoderata
750 782 1184 842 inhumanitas?
1269 783 1497 843 Idcirco
1526 783 1586 840 in
1621 782 1773 841 hane
1800 783 2005 840 urbem
2033 781 2255 851 venisti,

358 890 421 938 ut
448 880 618 938 huius
651 881 809 939 urbis
838 881 963 939 iura
989 891 1047 940 et
1074 881 1344 959 exempla
1382 899 1779 958 corrumperes
1817 880 2257 956 domesticaque

357 979 712 1037 immanitate
742 990 972 1038 nostrae
1001 979 1242 1038 civitatis
1274 980 1693 1038 humanitatem
1722 978 2092 1056 inquinares?

357 1203 668 1261 Rosuma'ng
689 1205 836 1252 stom
862 1205 888 1261 ξ
918 1212 977 1265 27
1005 1203 1090 1267 (55
1119 1216 1197 1266 33,
1224 1202 1326 1266 34).
1382 1203 1713 1263 ‘Blesamius,
1730 1218 1819 1252 one
1840 1201 1903 1265 (ff
1914 1201 1994 1250 the
2024 1200 2254 1263 embassy,

487 1291 638 1332 wrote
659 1291 706 1334 to
733 1287 1024 1347 Deiotarus,
1057 1286 1170 1334 that
1202 1286 1386 1335 Caesar
1406 1301 1511 1333 was
1544 1283 1828 1333 considered
1846 1299 1879 1332 a
1901 1289 2078 1346 tyrant
2087 1297 2111 1342 ;
2144 1282 2260 1330 that

486 1367 568 1416 the
591 1367 803 1432 placing
833 1368 895 1431 of
915 1369 997 1418 his
1025 1375 1186 1417 statue
1218 1382 1405 1430 among
1430 1367 1563 1417 those
1599 1368 1663 1432 of
1682 1368 1764 1416 the
1796 1367 1943 1429 kings
1974 1366 2081 1414 had
2099 1366 2255 1430 given

478 1451 690 1512 general
716 1450 891 1515 ffnce
904 1466 929 1510 ,·
960 1451 1071 1498 and
1094 1451 1206 1499 that
1234 1450 1293 1498 lte
1322 1466 1429 1498 was
1460 1456 1547 1498 not
1574 1449 1857 1514 applaudet!
1884 1455 1940 1496 at
1959 1448 2040 1498 the
2054 1446 2255 1513 gamesss

494 1531 597 1581 The
631 1532 730 1581 idle
761 1534 902 1582 tattle
933 1531 995 1596 of
1013 1532 1096 1580 the
1134 1539 1268 1581 town
1283 1531 1306 1580 ,Ι
1370 1534 1419 1581 A
1457 1537 1633 1594 tyrant
1661 1531 1833 1580 would
1859 1532 1985 1580 have
2023 1531 2146 1580 used
2172 1530 2255 1578 his

487 1613 675 1678 victory
705 1631 824 1678 very
855 1614 1154 1679 differently.
1222 1615 1397 1677 Again
1432 1613 1549 1678 why
1572 1614 1767 1677 grudge
1798 1614 1905 1663 him
1938 1614 2020 1662 his
2051 1619 2253 1671 statues,

485 1712 586 1759 any
630 1713 762 1746 more
797 1697 922 1746 than
968 1697 1049 1745 his
1087 1695 1302 1760 tropkies
1320 1696 1344 1745 ?
1426 1700 1503 1745 As
1536 1702 1585 1744 to
1622 1697 1857 1760 applause
1870 1710 1887 1744 .·
1940 1697 2124 1746 Caesar
2159 1710 2253 1742 can

484 1778 672 1842 always
696 1780 914 1844 dispenso
937 1779 1063 1827 with
1086 1780 1146 1828 it.

436 1964 514 2022 At
547 1982 724 2041 quam
762 1975 929 2024 acute
969 1964 1213 2023 collecta
1253 1964 1529 2023 crimina!
1618 1968 1632 1993 ‘
1653 1960 2015 2034 Blesamius‚'
2045 1963 2247 2039 inquit,
2276 1972 2339 2020 33

353 2060 505 2141 (eius
537 2062 693 2121 enim
732 2064 986 2134 nomine,
1019 2063 1221 2139 optimi
1249 2063 1348 2120 viri
1380 2081 1489 2121 nee
1521 2062 1624 2120 tibi
1667 2062 1869 2139 ignoti,
1899 2061 2052 2119 male
2092 2062 2248 2121 dice-

355 2161 455 2218 bat
503 2158 632 2239 tibi)
681 2165 694 2190 ‘
713 2161 787 2219 ad
829 2179 1032 2237 regem
1079 2161 1326 2219 scribere
1372 2160 1595 2220 solebat
1649 2170 1705 2218 te
1747 2161 1807 2218 in
1849 2160 2062 2217 invidia
2104 2178 2246 2233 esse,

354 2270 664 2335 tyrannum
720 2259 1050 2331 existimari,
1107 2268 1294 2317 statua
1348 2258 1497 2317 inter
1552 2277 1722 2333 reges
1779 2259 1968 2336 posita
2023 2259 2249 2317 animos

353 2356 657 2416 hominum
699 2356 1066 2417 vehementer
1118 2357 1391 2427 offensos,
1448 2357 1644 2433 plaudi
1699 2357 1801 2416 tibi
1856 2375 1980 2416 non
2029 2354 2261 2416 solere.’'

355 2454 571 2515 Nonne
621 2455 918 2531 intellegiS,
970 2454 1205 2528 Caesar,
1254 2474 1327 2513 ex
1385 2456 1619 2513 urbanis
1668 2455 2074 2515 malivolorum
2130 2472 2245 2513 ser-

354 2553 639 2612 munculis
658 2554 803 2612 haec
823 2554 897 2611 ab
926 2554 1046 2611 istis
1071 2571 1198 2612 esse
1222 2553 1508 2612 collecta?
1592 2554 1915 2613 Blesamius
1937 2564 2248 2629 tyrannum

355 2649 664 2711 Caesarem
721 2653 1032 2710 scriberet?
1146 2650 1472 2709 Multorum
1544 2652 1702 2710 enim
1774 2652 1965 2728 capita
2036 2652 2247 2711 civium

352 2749 584 2821 viderat,
620 2749 834 2807 multos
861 2750 1017 2808 iussu
1049 2749 1314 2808 Caesaris
1343 2759 1599 2822 vexatos,
1623 2751 1964 2823 verberatos,
1989 2759 2244 2821 necat08‚

353 2848 562 2906 multas
590 2848 828 2906 afflictas
869 2856 928 2905 et
962 2866 1190 2907 eversas
1228 2848 1457 2920 domOS,
1487 2849 1723 2907 armatis
1756 2848 2027 2907 militibus
2070 2848 2245 2907 refer-

352 2957 476 3003 tum
507 2945 715 3004 forum.
801 2944 972 3017 Quae
1015 2964 1244 3023 semper
1281 2947 1343 3004 in
1386 2946 1535 3005 civili
1578 2947 1813 3005 victoria
1842 2947 2144 3019 sensimus,
2175 2965 2245 3005 ea

353 3055 409 3102 te
454 3044 669 3103 victore
717 3063 839 3103 non
884 3044 1147 3103 vidimus
1236 3044 1421 3117 SoluS,
1467 3046 1727 3123 inquam,
1774 3063 1853 3117 eS,
1899 3044 1966 3104 C.
2010 3044 2242 3116 Caesar,
2270 3057 2332 3105 34

351 3142 516 3201 cuius
556 3143 618 3200 in
645 3143 880 3201 victoria
922 3144 1191 3202 ceciderit
1218 3129 1392 3201 nemo
1435 3144 1544 3203 nisi
1585 3154 1855 3202 armatus.
1936 3144 2032 3215 Et,
2064 3161 2243 3221 quem

353 3258 463 3299 nos
503 3240 682 3313 liberi,
727 3241 788 3299 in
831 3260 1058 3300 summa
1106 3242 1308 3319 populi
1353 3242 1610 3300 Romani
1654 3242 1915 3300 libertate
1958 3242 2078 3300 nati
2120 3260 2243 3301 non

351 3339 533 3398 modo
562 3357 682 3399 non
711 3349 1040 3416 tyrannum,
1073 3340 1177 3399 sed
1205 3340 1381 3399 etiam
1398 3340 1907 3400 clementissimum
1928 3340 1987 3397 in
2005 3340 2243 3399 victoria

352 3438 564 3497 ducem
600 3438 865 3511 vidimus,
897 3437 946 3497 is
987 3437 1295 3512 Blesamio,
1325 3440 1427 3517 qui
1464 3439 1597 3497 vivit
1636 3440 1697 3497 in
1730 3457 1932 3516 regne,
1962 3449 2242 3515 tyrannus
