2727 3901
675 239 817 288 PRO
868 241 929 300 Q.
975 239 1281 288 LIGARIO
1330 239 1621 292 ORATIO.
1712 229 1783 311 ξξ
1836 229 2059 292 10-16.
2236 247 2312 306 19

417 411 592 478 atque
644 405 989 477 optimarum
1039 409 1180 458 nota
1225 399 1366 457 mihi
1415 411 1549 458 sunt
1599 401 1814 459 omnia.
1902 401 2103 476 Itaque
2154 409 2313 459 certo
2344 414 2404 462 13

418 501 542 558 scio
565 517 666 560 vos
695 517 817 558 non
847 509 1041 575 petere
1071 499 1434 574 sanguinem,
1454 498 1555 557 sed
1587 517 1793 574 parum
1822 498 2125 558 attenditis
2194 499 2314 557 Res

417 599 572 656 enim
607 617 680 656 eo
725 605 962 673 spectat,
993 607 1056 653 ut
1099 615 1169 654 ea
1210 615 1419 672 poena,
1448 598 1509 655 in
1552 614 1668 674 qua
1710 597 1901 656 adhuc
1944 597 2019 668 Q.
2051 596 2313 673 Ligarius

413 697 502 768 sit,
555 714 680 754 non
725 695 1032 754 videamini
1085 713 1213 754 esse
1270 695 1545 754 contenti.
1629 694 1799 767 Quae
1844 706 1931 754 est
1975 695 2150 770 igitur
2200 695 2313 752 alia

418 804 645 870 praeter
686 795 1004 853 mortem?
1061 793 1119 850 Si
1161 794 1316 851 enim
1360 803 1447 851 est
1489 793 1550 850 in
1592 793 1779 864 exilio,
1826 793 1993 851 sicuti
2036 803 2139 864 est,
2172 793 2313 869 quid

419 893 666 969 amplius
695 892 1040 969 postulatis?
1088 910 1164 949 an
1207 911 1279 950 ne
1324 892 1712 966 ignoscatur?
1782 892 1918 950 Hoc
1949 910 2085 950 vero
2129 893 2313 950 multo

418 979 682 1074 acerbius
717 993 1012 1069 multoque
1041 1003 1127 1050 est
1157 991 1368 1051 durius,
1458 991 1638 1064 Quod
1676 1010 1785 1050 nos
1818 988 2035 1072 [domi]
2066 992 2313 1066 petimus

418 1093 702 1168 precibus,
732 1090 996 1161 lacrimis,
1027 1091 1184 1148 strati
1214 1091 1287 1148 ad
1317 1089 1514 1166 pedes,
1541 1109 1662 1147 non
1692 1101 1810 1148 tam
1839 1101 2072 1148 nostrae
2104 1108 2313 1148 causae

418 1191 662 1251 fidentes
690 1209 867 1266 quam
897 1189 1064 1247 huius
1091 1189 1451 1259 humanitati,
1472 1188 1530 1245 id
1560 1207 1634 1246 ne
1665 1189 2051 1264 impetremuS,
2084 1206 2313 1264 oppug-

420 1290 587 1348 nabis
616 1299 672 1347 et
709 1289 770 1346 in
808 1297 1068 1346 nostrum
1106 1287 1304 1345 fletum
1349 1289 1646 1362 inrumpes
1689 1297 1747 1345 et
1792 1305 1899 1346 nos
1941 1287 2195 1345 iacentes
2237 1285 2311 1344 ad

416 1387 594 1462 pedes
639 1386 964 1462 supplicum
1007 1403 1151 1444 voce
1213 1385 1590 1462 prohibebis?
1676 1385 1751 1456 Si,
1800 1405 1936 1444 cum
1982 1386 2094 1443 hoc
2154 1385 2311 1443 domi
2342 1399 2403 1446 14

417 1486 752 1557 faceremuS,
809 1485 969 1561 quod
1023 1495 1080 1542 et
1136 1484 1379 1542 fecimus
1422 1495 1498 1555 et,
1555 1495 1617 1542 ut
1676 1503 1865 1559 spero,
1926 1501 2045 1540 non
2104 1483 2312 1542 frustra

419 1583 674 1654 fecimuS,
718 1594 779 1642 tu
825 1593 1059 1660 repente
1110 1584 1382 1642 inruisses
1427 1594 1485 1642 et
1535 1583 1781 1642 clamare
1827 1584 2155 1659 coepisses:
2204 1583 2309 1642 ‘C.

420 1683 654 1753 Caesar,
690 1701 826 1741 cave
869 1682 1154 1757 ignoscaS,
1190 1701 1328 1741 cave
1373 1692 1428 1741 te
1469 1681 1709 1740 fratrum
1752 1701 1858 1758 pro
1899 1681 2086 1739 fratris
2128 1682 2309 1740 salute

418 1781 844 1840 obsecrantium
915 1781 1181 1839 misereat
1207 1777 1271 1853 Γ,
1345 1799 1545 1838 nonne
1606 1799 1842 1839 omnem
1898 1779 2310 1839 humanitatem

417 1881 722 1939 exuisses?
805 1878 1042 1952 Quanto
1071 1879 1183 1938 hoc
1214 1879 1427 1950 duriuS,
1452 1879 1613 1957 quod
1643 1897 1749 1936 nos
1780 1879 1942 1937 domi
1968 1881 2233 1957 petimus,
2254 1879 2311 1936 id

417 1990 476 2038 te
498 1980 558 2036 in
579 1979 706 2039 foro
729 1998 1070 2055 oppugnare
1099 1988 1155 2037 et
1184 1978 1244 2035 in
1275 1978 1371 2035 tali
1400 1979 1627 2037 miseria
1644 1978 1958 2037 multorum
1987 1978 2310 2054 perfugium

419 2078 841 2136 misericordiae
869 2077 1069 2135 tollere
1095 2080 1107 2135 l
1190 2075 1402 2134 Dicam
1433 2076 1626 2152 plane,
1658 2076 1889 2147 Caesar,
1920 2077 2076 2154 quod
2107 2078 2309 2135 sentio.

421 2175 480 2233 Si
510 2177 570 2233 in
598 2176 708 2234 hae
738 2185 894 2233 tanta
931 2185 1029 2233 tua
1063 2175 1291 2233 fortuna
1330 2174 1534 2232 lenitas
1579 2184 1737 2233 tanta
1772 2193 1891 2234 non
1934 2184 2101 2246 esset,
2132 2192 2308 2251 quam
2340 2188 2401 2235 15

419 2286 480 2332 tu
512 2293 614 2350 per
642 2285 714 2344 te,
746 2292 848 2349 per
891 2283 964 2346 te,
993 2272 1250 2349 inquam,
1280 2272 1508 2347 optines
1538 2270 1851 2349 (intellegO,
1882 2274 2020 2351 quid
2060 2274 2308 2351 loquar),

417 2372 787 2431 acerbissimo
832 2371 989 2429 luctu
1033 2371 1380 2430 redundaret
1423 2371 1529 2428 ista
1572 2371 1823 2430 victoria.
1910 2371 2108 2443 Quam
2150 2372 2311 2429 multi

417 2472 575 2530 enim
618 2480 809 2529 essent
851 2470 923 2528 de
966 2469 1291 2539 victoribus,
1334 2469 1434 2545 qui
1476 2478 1531 2527 te
1576 2469 1866 2528 crudelem
1916 2488 2042 2528 esse
2083 2469 2308 2539 vellent,

417 2588 551 2628 cum
595 2568 771 2627 etiam
813 2568 886 2627 de
915 2568 1076 2626 victis
1118 2567 1512 2643 reperiantur!
1556 2586 1732 2645 quam
1762 2568 1939 2636 multi,
1972 2568 2070 2645 qui
2106 2586 2237 2627 cum
2278 2586 2310 2625 a

415 2678 472 2725 te
523 2666 748 2743 ignosci
800 2667 1017 2724 nemini
1062 2665 1285 2736 vellent,
1327 2665 1671 2741 impedirent
1720 2667 2083 2725 clementiam
2128 2677 2306 2735 tuam,

415 2784 550 2824 cum
579 2767 752 2824 etiam
780 2765 856 2837 hi,
887 2765 1094 2842 quibus
1135 2765 1274 2841 ipsis
1315 2765 1601 2840 ignovisti,
1633 2765 1816 2824 nolint
1842 2775 1898 2824 te
1926 2784 2050 2823 esse
2079 2766 2137 2823 in
2166 2766 2309 2825 alios

414 2864 884 2923 misericordem!
996 2863 1225 2936 Quodsi
1279 2863 1524 2939 probare
1583 2862 1817 2922 Caesari
1883 2882 2187 2939 possemus
2249 2865 2307 2921 in
2338 2872 2399 2919 16

413 2962 610 3021 Africa
649 2961 947 3037 Ligarium
983 2962 1223 3020 omnino
1257 2980 1379 3019 non
1418 2960 1605 3032 fuisse,
1638 2962 1683 3019 si
1712 2960 1957 3021 honesto
1994 2973 2050 3022 et
2088 2963 2309 3020 miseri-
2406 2958 2415 2965 ’

415 3060 572 3120 cordi
603 3059 911 3118 mendacio
941 3060 1104 3117 saluti
1137 3059 1242 3117 civi
1271 3060 1609 3119 calamitoso
1642 3078 1770 3119 esse
1799 3061 2089 3131 vellemus,
2115 3070 2309 3120 tamen

414 3156 665 3217 hominis
713 3176 834 3216 non
883 3167 1031 3216 esset
1081 3158 1140 3215 in
1191 3166 1355 3215 tanto
1404 3157 1734 3217 discrimine
1776 3169 1833 3217 et
1876 3159 2132 3235 periculo
2175 3158 2309 3217 civis

413 3256 666 3315 refellere
711 3267 768 3314 et
811 3255 1154 3331 redarguere
1201 3266 1465 3313 nostrum
1515 3256 1900 3327 mendacium,
1942 3267 2016 3328 et,
2063 3256 2109 3313 si
2158 3266 2308 3315 esset

413 3354 674 3426 alicuius,
725 3355 847 3412 eius
896 3364 1051 3413 certe
1101 3371 1219 3411 non
1267 3361 1435 3424 esset,
1487 3355 1585 3429 qui
1641 3356 1701 3412 in
1756 3355 1961 3412 eadem
2019 3372 2196 3412 causa
2252 3365 2309 3413 et

411 3450 640 3511 fortuna
686 3450 896 3510 fuisset.
985 3451 1099 3510 Sed
1152 3464 1346 3510 tamen
1406 3449 1560 3509 aliud
1611 3463 1696 3509 est
1751 3471 1936 3511 errare
1970 3450 2311 3535 'Caesarem‘

1314 3570 1411 3611 C2
