2727 3901
407 514 470 561 39
497 500 705 560 frustra
745 501 990 559 scribere
1034 501 1233 560 solere.
1319 501 1570 560 Memini
1614 504 1769 561 enim
1814 502 1997 562 isdem
2038 502 2154 562 fere
2200 503 2389 562 verbis
2482 526 2486 530 ·

396 2290 460 2336 40

392 3452 453 3499 41

498 231 585 308 46
1049 244 1130 295 M.
1182 243 1406 294 TULLJ
1448 245 1847 295 CICERONIS

497 421 633 461 eum
662 403 812 461 bene
857 420 1083 479 sperare
1127 413 1183 461 et
1210 404 1369 463 bono
1412 422 1538 462 esse
1582 405 1794 477 animo,
1827 404 1987 481 quod
2030 403 2153 463 scio
2184 412 2239 463 te
2268 422 2390 465 non

497 600 572 658 ad
615 618 710 658 me
753 609 808 658 te
851 600 1099 658 scribere
1142 617 1351 675 meque
1396 601 1509 658 tuis
1551 601 1750 660 litteris
1792 603 1941 660 bene
1985 620 2217 678 sperare
2268 619 2388 658 non

494 697 703 756 frustra
757 716 884 757 esse
940 697 1178 756 iussum.
1290 697 1527 757 Laboro
1588 699 1859 776 equidem
1913 700 2064 776 regis
2131 698 2391 758 Deiotari

495 814 690 866 causa,
747 814 1003 874 quocum
1058 795 1196 853 mihi
1254 798 1568 856 amicitiam
1618 817 1711 856 res
1758 799 1990 874 publica
2044 797 2386 868 conciliavit,

494 895 808 971 hospitium
872 894 1137 952 voluntas
1205 895 1503 970 utriusque
1565 896 1879 969 coniunxit,
1947 895 2387 954 familiaritatem

495 993 854 1052 consuetudo
883 992 1085 1063 attulit,
1131 1011 1424 1051 summam
1467 1011 1603 1051 vero
1648 994 2132 1052 necessitudinem
2174 1011 2390 1068 magna

493 1091 618 1150 eius
648 1091 837 1151 officia
875 1091 936 1149 in
974 1108 1070 1149 me
1114 1101 1170 1150 et
1206 1092 1267 1148 in
1301 1091 1620 1149 exercitum
1656 1108 1851 1149 rneum
1889 1091 2241 1162 effecerunt3
2287 1091 2388 1150 sed

493 1207 629 1248 cum
657 1190 730 1248 de
759 1189 857 1247 illo
883 1189 1106 1260 labor0,
1130 1198 1254 1247 tum
1284 1189 1355 1247 de
1385 1189 1576 1247 multis
1604 1189 1972 1268 amplissimis
2000 1191 2147 1259 viris,
2180 1190 2389 1266 quibus

493 1287 674 1346 semel
702 1288 967 1364 ignotum
1002 1307 1037 1346 a
1071 1298 1126 1346 te
1165 1306 1291 1346 esse
1333 1297 1564 1363 oportet
1596 1305 1705 1346 nec
1745 1287 2093 1346 beneficium
2125 1297 2289 1346 tuum
2317 1288 2388 1361 ,in

492 1385 734 1444 dubium
761 1385 950 1444 vocari
989 1404 1098 1445 nec
1140 1386 1375 1444 haerere
1418 1385 1478 1443 in
1520 1385 1727 1444 animis
1767 1385 2070 1444 hominum
2112 1386 2386 1446 sollicitu-

491 1483 689 1542 dinem
732 1485 1138 1560 sempiternam
1176 1503 1284 1542 nec
1328 1484 1605 1555 accidere,
1637 1494 1700 1542 ut
1743 1485 2049 1561 quisquam
2091 1494 2148 1543 te
2188 1485 2387 1542 timere

489 1583 729 1659 incipiat
757 1601 978 1655 eorum,
1014 1583 1112 1660 qui
1143 1583 1256 1641 sint
1284 1583 1463 1641 semel
1495 1600 1529 1639 a
1558 1592 1614 1640 te
1643 1582 1861 1640 liberati
1889 1583 2113 1641 timore.

493 1789 575 1854 (ξς
593 1790 794 1854 40-41).
827 1791 842 1816 ‘
867 1792 966 1839 You
983 1796 1162 1838 cannot
1179 1790 1395 1838 conceive
1412 1789 1681 1838 Deiotarus
1694 1789 1801 1837 and
1812 1787 1893 1836 his
1911 1804 1999 1837 son
2015 1805 2071 1836 as
2086 1789 2394 1836 discrowned

618 1872 765 1936 kings
785 1872 999 1921 without
1010 1869 1157 1935 pity?
1204 1872 1398 1934 Lastly,
1420 1872 1500 1920 the
1524 1869 1829 1934 membersof
1839 1870 1920 1920 the
1938 1869 2105 1933 king³s
2116 1870 2385 1930 embassies,

617 1955 905 2004 Blesamius
943 1955 1053 2003 and
1081 1955 1386 2018 Antigonus,
1424 1955 1695 2016 Dorylaus,
1732 1953 1841 2002 and
1870 1954 2074 2014 IIieras,
2111 1969 2198 2003 are
2232 1954 2387 2015 ready

618 2045 666 2087 to
691 2038 846 2087 stand
867 2054 926 2087 or
940 2037 1056 2101 fall
1083 2038 1210 2087 with
1239 2038 1376 2087 their
1400 2038 1711 2087 masten—A
1720 2036 1870 2101 final
1894 2038 2071 2102 appeal
2089 2044 2137 2086 to
2164 2039 2205 2087 C
2203 2038 2387 2085 aesar’s

517 2146 521 2150 -
615 2120 866 2183 clemency.

569 2270 709 2332 Non
737 2273 940 2344 debeo,
963 2272 1032 2331 C.
1052 2272 1286 2344 Caesar,
1311 2272 1471 2349 quod
1494 2272 1615 2331 fieri
1645 2271 1791 2331 solet
1810 2271 1869 2329 in
1897 2273 2068 2331 tantis
2095 2271 2386 2349 periculis,

486 2380 783 2447 temptare,
825 2389 1158 2449 ecquonam
1200 2371 1382 2430 modo
1432 2370 1682 2429 dicendo
1727 2370 2177 2429 misericordiam
2222 2380 2383 2427 tuam

485 2487 854 2529 commovere
910 2470 1144 2546 possim.
1229 2468 1390 2527 Nihil
1445 2488 1595 2546 opus
1651 2479 1753 2529 est.
1858 2468 2181 2529 Occurrere
2238 2468 2384 2527 solet

483 2568 612 2645 ipsa
655 2568 1013 2645 supplicibus
1054 2578 1112 2626 et
1160 2567 1515 2627 calamitosis
1565 2567 1777 2626 nullius
1822 2568 2081 2627 oratione
2126 2576 2383 2625 evocata.

484 2666 756 2745 Propone
800 2668 904 2726 tibi
945 2667 1092 2726 duos
1136 2685 1302 2743 reges
1343 2675 1401 2725 et
1434 2666 1493 2724 id
1536 2667 1733 2725 animo
1776 2664 2189 2743 contemplare,
2222 2666 2383 2742 quod

482 2766 670 2825 oculis
714 2785 836 2825 non
880 2775 1047 2842 potes
1064 2784 1081 2837 3
1125 2765 1289 2823 dabis
1331 2764 1593 2841 profecto
1635 2764 1695 2824 id
1737 2764 2178 2835 misericordiae,
2223 2763 2381 2841 quod

479 2865 812 2924 iracundiae
848 2864 1160 2940 denegasti.
1247 2861 1436 2921 Multa
1479 2873 1609 2922 sunt
1644 2864 2007 2923 monimenta
2045 2862 2381 2922 clementiae

481 2975 631 3035 tuae,
685 2962 785 3022 sed
835 2963 1089 3020 maxima
1133 2980 1335 3027 eorum
1379 2962 1819 3033 incolumitates,
1866 2962 2078 3039 quibus
2136 2961 2381 3019 salutem

481 3061 702 3121 dedisti.
788 3060 957 3133 Quae
1003 3061 1050 3119 si
1100 3061 1160 3118 in
1205 3060 1438 3137 privatis
1479 3060 1733 3137 gloriosa
1774 3068 1925 3129 sunt,
1968 3059 2151 3117 multo
2194 3058 2381 3134 magis

479 3161 1092 3221 commemorabuntur
1117 3160 1178 3217 in
1206 3159 1455 3235 regibus·
1544 3157 1790 3235 Semper
1818 3157 2042 3233 regium
2070 3175 2291 3216 nomen
2319 3158 2380 3215 in

478 3259 590 3318 hac
617 3260 841 3317 civitate
871 3268 1136 3317 sanctum
1165 3257 1285 3331 fuit,
1318 3258 1613 3317 sociorum
1642 3274 1780 3316 vero
1817 3274 2026 3333 regum
2067 3264 2124 3313 et
2163 3256 2379 3314 amico-

478 3375 608 3415 rum
637 3357 1076 3415 sanctissimum.
2272 3358 2299 3381 ⁶

565 3453 682 3509 15-
726 3454 904 3527 Quod
958 3473 1173 3515 nomen
1228 3454 1288 3513 hi
1332 3472 1499 3532 reges
1548 3473 1623 3513 ne
1668 3452 1993 3512 amitterent
2036 3461 2093 3511 te
2143 3451 2377 3522 victore,
