2727 3901
651 256 792 306 PRO
841 257 898 318 ρ.
945 256 1252 306 LIGARIO
1301 256 1593 306 ORATIO.
1684 243 1755 327 ᾧῷ
1802 255 2036 323 20-25.
2211 259 2291 327 23

393 415 481 472 vel
509 416 702 490 potius
730 415 1021 473 audaciae.
1109 414 1168 472 Si
1198 415 1561 491 responderit
1592 414 1836 474 Tubero
1865 415 2141 483 Africam,
2170 432 2291 491 quo

396 524 630 569 senatus
660 530 794 569 eum
823 529 1059 587 sorsque
1087 512 1338 582 miserat,
1371 512 1471 568 tibi
1501 522 1726 587 patrem
1755 530 1923 570 suum
1952 512 2293 570 traditurum

396 609 585 680 fuisse,
615 628 735 668 non
764 610 1042 668 dubitabo
1080 609 1237 685 apud
1280 609 1469 685 ipsum
1513 621 1585 680 te,
1620 610 1784 667 cuius
1826 609 1886 666 id
1928 628 2063 667 eum
2104 609 2292 667 facere

398 708 668 778 interfuit,
711 707 1062 782 gravissimis
1104 708 1290 766 verbis
1336 708 1456 765 eius
1508 706 1809 765 consilium
1856 707 2295 783 reprehendere.

399 804 536 862 Non
567 806 738 875 enim,
771 806 817 862 si
849 806 949 862 tibi
979 823 1049 862 ea
1077 825 1167 863 res
1195 817 1358 881 grata
1387 804 1602 878 fuisset,
1637 815 1790 863 esset
1827 805 2004 863 etiam
2034 806 2294 881 probata.

403 903 518 961 Sed
563 903 684 960 iam
729 903 842 961 hoc
889 913 1076 960 totum
1119 903 1338 974 omitto,
1385 921 1507 961 non
1549 913 1668 960 tam
1712 921 1785 962 ne
1827 903 2124 961 offendam
2168 913 2294 961 tuas
2322 913 2383 961 24

399 1001 842 1076 patientissimas
891 1019 1074 1072 aureS,
1119 1019 1300 1077 quam
1349 1019 1424 1058 ne
1468 1001 1727 1070 Tubero,
1773 1001 1933 1077 quod
1975 1019 2295 1077 numquam

401 1100 690 1174 cogitavit,
739 1099 1009 1158 facturus
1047 1099 1220 1158 fuisse
1266 1099 1540 1158 videatur.
1629 1099 1964 1158 Veniebatis
2008 1101 2181 1176 igitur
2236 1101 2297 1157 in

400 1196 676 1268 Africam,
734 1198 1089 1272 provinciam
1156 1215 1334 1254 unam
1392 1216 1465 1254 ex
1523 1198 1795 1256 omnibus
1849 1197 1983 1255 huic
2030 1198 2298 1256 victoriae

400 1296 652 1368 maxime
696 1295 980 1366 infestam,
1013 1297 1072 1352 in
1101 1314 1214 1372 qua
1253 1305 1375 1353 erat
1414 1315 1516 1354 rex
1558 1296 1991 1372 potentissimus
2029 1297 2298 1355 inimicus

400 1394 532 1451 huic
564 1412 787 1464 causae,
825 1395 1012 1452 aliena
1040 1395 1306 1452 voluntas
1336 1403 1659 1452 conventus
1689 1394 1836 1450 firmi
1866 1404 2041 1470 atque
2080 1395 2298 1470 magni.

402 1491 677 1563 Quaero:
749 1492 906 1563 Quid
951 1492 1152 1550 facturi
1192 1492 1417 1550 fuistis?
1488 1510 1863 1568 quamquam,
1909 1493 2049 1569 quid
2098 1491 2300 1550 facturi

402 1590 636 1663 fueritis,
659 1591 933 1661 dubitem,
951 1609 1086 1649 cum
1108 1590 1350 1660 videam,
1374 1591 1514 1666 quid
1544 1589 1831 1648 feceritis?
1867 1589 2144 1649 Prohibiti
2166 1591 2301 1649 estis

403 1692 462 1746 in
489 1689 786 1764 provincia
807 1699 992 1746 vestra
1020 1688 1230 1764 pedem
1259 1706 1497 1764 ponere,
1518 1697 1575 1745 et
1603 1688 1877 1764 prohibiti
1906 1707 2135 1746 summa
2164 1706 2299 1746 cum

404 1787 622 1845 iniuria.
672 1786 812 1858 Quo
840 1788 1021 1845 modo
1048 1786 1104 1844 id
1136 1786 1381 1844 tulistis?
1422 1797 1696 1861 acceptae
1728 1785 1963 1844 iniuriae
1986 1786 2301 1863 querellam
2330 1799 2392 1848 25

405 1886 476 1944 ad
515 1904 691 1963 quem
731 1885 1046 1943 detulistis?
1131 1883 1362 1961 Nempe
1406 1884 1478 1942 ad
1520 1902 1673 1954 eum,
1704 1885 1865 1942 cuius
1905 1885 2302 1943 auctoritatem

362 1975 368 1980 ’
405 1985 583 2043 secuti
639 1986 697 2041 in
755 1984 1088 2042 societatem
1146 1984 1281 2041 belli
1338 1984 1636 2041 veneratiS.
1742 1982 1969 2054 Quodsi
2035 1984 2305 2042 Caesaris

407 2100 582 2141 causa
623 2083 682 2139 in
725 2083 1082 2158 provinciam
1127 2082 1460 2144 veniebatis,
1491 2081 1566 2139 ad
1609 2100 1742 2139 eum
1786 2082 2045 2157 profecto
2088 2082 2306 2140 exclusi

406 2181 698 2257 provincia
717 2182 1027 2238 venissetis
1072 2180 1326 2238 Venistis
1349 2180 1425 2237 ad
1453 2179 1813 2255 Pompeium.
1860 2180 2029 2251 Quae
2054 2192 2141 2238 est
2165 2197 2305 2255 ergo

406 2280 564 2354 apud
596 2279 902 2337 Caesarem
935 2280 1203 2355 querella,
1236 2297 1371 2337 cum
1400 2297 1534 2337 eum
1563 2279 1863 2350 accusetiS,
1890 2298 1924 2336 a
1953 2296 2071 2355 quo
2100 2295 2304 2354 quera-

405 2377 547 2435 mini
577 2377 899 2453 prohibitos
941 2396 1067 2435 esse
1096 2395 1198 2435 vos
1236 2389 1438 2436 contra
1468 2376 1775 2434 Caesarem
1808 2395 2007 2453 gerere
2049 2376 2305 2434 bellum?

407 2479 602 2553 Atque
646 2476 706 2533 in
743 2476 854 2534 hoc
891 2476 1126 2553 quidem
1157 2475 1243 2533 vel
1283 2493 1417 2533 cum
1456 2475 1779 2543 mendaci0‚
1812 2475 1859 2533 si
1888 2475 2069 2545 vultiS,
2100 2474 2306 2551 glorie-

408 2575 557 2632 mini·
579 2594 680 2651 per
708 2593 803 2631 me
833 2575 979 2644 licet,
1002 2592 1107 2631 vos
1135 2574 1493 2649 provinciam
1524 2572 1696 2631 fuisse
1721 2573 1955 2631 Caesari
1986 2572 2306 2630 tradituros·

409 2674 649 2731 Etiamsi
693 2692 728 2731 a
755 2672 916 2729 Varo
947 2683 1004 2730 et
1046 2691 1081 2730 a
1123 2671 1472 2749 quibusdam
1515 2671 1638 2730 aliis
1682 2670 1950 2746 prohibiti
1994 2670 2148 2742 estiS,
2194 2688 2306 2745 ego

409 2782 606 2829 tamen
635 2771 958 2829 confitebor
986 2770 1220 2847 culpam
1250 2788 1378 2828 esse
1410 2769 1621 2844 Ligari,
1641 2770 1739 2845 qui
1768 2786 1870 2827 vos
1898 2779 2087 2827 tantae
2122 2768 2306 2825 laudis

413 2870 720 2928 occasione
750 2869 1060 2944 privaverit.

409 3059 467 3109 C.
510 3062 590 3119 (ἐξ
620 3058 818 3119 26-28).
893 3058 1002 3105 But
1022 3057 1245 3106 consider
1269 3056 1350 3104 the
1380 3056 1832 3118 stolidpersistence
1862 3055 1922 3119 qf
1941 3055 2165 3105 Tubero!
2231 3058 2312 3105 He

543 3141 648 3188 had
662 3140 906 3203 appeared
924 3139 980 3186 in
1003 3138 1084 3187 his
1098 3139 1336 3201 province
1366 3139 1492 3186 wz'tlz
1518 3139 1598 3186 the
1619 3139 1913 3187 credentials
1941 3137 2001 3202 qs
2012 3138 2094 3187 the
2116 3139 2313 3199 Senate,

542 3223 651 3270 and
668 3222 774 3269 had
790 3222 901 3269 been
925 3221 1104 3268 driven
1111 3220 1256 3285 from
1291 3221 1335 3267 it
1355 3221 1482 3268 witlc
1505 3221 1782 3281 contumely
1804 3220 1864 3281 by
1896 3221 2077 3269 Varus.
2142 3222 2225 3268 ἵει
2255 3221 2314 3269 lte

536 3319 646 3367 goes
678 3304 794 3351 back
825 3311 871 3351 to
903 3304 984 3351 the
1006 3310 1164 3366 party
1197 3302 1354 3351 whose
1386 3303 1595 3366 general
1628 3301 1733 3349 had
1763 3302 1881 3349 thus
1923 3302 2147 3350 z'nsulted
2174 3302 2281 3351 him
2297 3318 2314 3350 .·

541 3383 650 3429 and
667 3382 778 3432 that
803 3389 877 3430 too
900 3398 956 3429 as
975 3397 1008 3429 a
1039 3381 1332 3444 belligerent,
1362 3388 1419 3429 at
1432 3387 1633 3443 greater
1647 3381 1888 3444 persona!
1905 3380 2012 3429 rz‘sk
2033 3380 2159 3429 than
2194 3388 2315 3429 most

543 3466 604 3531 of
615 3466 694 3515 the
719 3467 1028 3530 Pompeiam.
