2727 3901
620 263 762 318 PRO
811 264 873 325 ρ.
917 263 1222 311 LIGARIO
1271 262 1562 312 ORATIO.
1656 249 1730 333 ᾗῇ
1777 262 2008 334 30-35.
2185 265 2260 329 27
2334 273 2337 276 ·

367 421 746 479 audiebamus
776 440 885 479 nos
913 439 1119 479 omnes
1155 421 1507 480 adversarios
1550 434 1768 498 putare,
1804 422 1912 478 nisi
1942 422 2039 496 qui
2070 422 2264 479 nobis-

367 537 498 576 cum
551 529 760 589 essent,
813 529 868 577 te
917 519 1126 590 omnis,
1181 519 1278 594 qui
1332 530 1535 577 contra
1586 530 1639 578 te
1689 537 1812 577 non
1860 513 2067 591 essent,
2115 529 2263 577 tuos

370 617 619 675 Videsne
677 617 845 694 igitur
902 617 1056 676 hunc
1114 616 1489 692 splendorem
1544 619 1826 689 omnium,
1876 617 2026 677 hanc
2085 617 2263 676 Broc-

367 715 608 773 chorum
666 716 926 787 domum,
981 714 1134 774 hunc
1193 715 1263 774 L.
1318 715 1627 786 Marcium,
1680 715 1748 774 C.
1800 715 2143 786 Caesetium,
2198 716 2266 773 L.

273 811 278 816 ’
369 813 708 884 Corfidium,
739 813 846 872 hos
882 831 1086 872 omnes
1123 814 1344 890 equites
1390 813 1710 883 RomanOS,
1742 814 1841 889 qui
1872 814 2082 872 adsunt
2110 827 2265 871 veste

369 923 605 982 mutata,
635 929 756 969 non
788 910 978 970 solum
1009 922 1178 970 notos
1208 912 1323 982 tibi,
1354 931 1553 970 verum
1582 912 1754 970 etiam
1792 913 2068 987 probatos
2096 913 2263 982 virOS,

370 1010 468 1084 qui
513 1020 705 1066 tecum
747 1008 1019 1068 fuerunt?
1102 1011 1294 1086 Atque
1323 1009 1413 1067 his
1442 1010 1845 1080 irascebamur,
1877 1009 1984 1067 hos
2014 1009 2266 1085 require-

371 1109 594 1178 bamus,
628 1107 714 1163 his
744 1125 865 1165 non
903 1107 1040 1164 nulli
1079 1109 1254 1165 etiam
1288 1108 1673 1165 minabamur.
1760 1106 2057 1165 Conserva
2098 1108 2267 1182 igitur

369 1206 480 1262 tuis
510 1223 666 1276 suOS‚
689 1215 767 1276 ut,
791 1223 964 1281 quem
997 1205 1072 1262 ad
1100 1205 1342 1262 modum
1372 1216 1574 1276 cetera,
1608 1224 1757 1282 quae
1786 1205 1939 1263 dicta
1970 1215 2101 1262 sunt
2132 1224 2164 1261 a
2194 1217 2263 1275 te,

370 1305 448 1361 sic
478 1303 589 1361 hoc
620 1304 976 1362 verissimum
1005 1306 1337 1380 reperiatur.

374 1469 455 1526 g§§
484 1467 687 1530 34—38).
756 1467 981 1515 Further
1008 1469 1150 1531 pleas
1171 1467 1268 1531 for
1285 1466 1628 1531 forgiveness:
1674 1468 1791 1516 such
1833 1467 1878 1515 is
1910 1467 1993 1515 the
2027 1467 2269 1529 brotherly

504 1549 714 1597 concord
737 1549 798 1613 of
818 1549 901 1597 the
934 1549 1069 1598 three
1091 1551 1242 1612 Legat
1257 1551 1314 1610 ii,
1350 1549 1463 1597 that
1495 1549 1551 1613 if
1579 1553 1635 1610 Q.
1660 1551 1907 1612 Ligarius
1938 1550 2043 1596 had
2066 1549 2177 1597 been
2210 1551 2269 1596 iu

504 1632 640 1693 Italy
661 1632 721 1680 he
747 1631 894 1680 could
916 1638 1002 1680 not
1022 1632 1148 1680 have
1177 1632 1387 1694 adopted
1414 1648 1447 1679 a
1469 1631 1700 1698 different
1711 1633 1877 1695 policy
1898 1637 1945 1680 to
1974 1632 2087 1680 that
2111 1631 2172 1696 of
2190 1632 2270 1678 his

504 1713 737 1762 brothers.
807 1716 858 1774 (5
899 1718 982 1775 35)
1023 1714 1129 1762 One
1154 1713 1215 1777 os
1236 1713 1316 1762 the
1346 1699 1580 1772 brothers,
1616 1715 1673 1762 Τ.
1702 1714 1963 1776 Ligarius,
1986 1715 2078 1762 has
2106 1730 2139 1760 a
2170 1715 2269 1762 dis·

503 1796 629 1843 tinct
645 1795 792 1844 claim
807 1811 871 1843 on
890 1793 1584 1858 Caesar'sgratitudeforpast
1599 1795 1815 1844 services.
1855 1796 1937 1857 (ἐξ
1958 1811 2051 1858 37-
2056 1795 2139 1858 38)
2158 1799 2271 1843 ‘Act

505 1877 621 1926 then
653 1877 714 1940 by
743 1875 872 1925 these
893 1876 1028 1924 three
1050 1875 1268 1924 brothers
1291 1878 1348 1924 in
1382 1877 1462 1925 the
1485 1879 1675 1925 Forum
1702 1893 1758 1924 as
1769 1894 1875 1940 you
1906 1879 2116 1941 recently
2136 1879 2275 1926 acted

502 1961 561 2022 by
582 1960 792 2009 another
809 1959 1180 2021 distinguished
1196 1976 1316 2007 man
1341 1960 1401 2008 in
1422 1961 1505 2007 the
1532 1962 1573 2009 C
1573 1960 1725 2009 uria.’

461 2088 571 2147 12.
617 2089 844 2161 Quodsi
873 2090 1101 2166 penitus
1121 2090 1447 2167 perspicere
1477 2108 1677 2165 posses
1700 2091 2074 2149 concordiam
2098 2090 2267 2167 Liga-
2294 2102 2356 2147 34

375 2191 607 2257 riorum,
640 2206 847 2245 omnes
876 2185 1076 2245 fratres
1111 2201 1306 2245 tecum
1344 2187 1627 2245 iudicares
1668 2187 1855 2246 fuisse.
1941 2190 2036 2245 An
2079 2200 2270 2265 potest

375 2278 683 2364 quisquam
731 2285 1010 2357 dubitare,
1059 2285 1216 2361 quin,
1265 2285 1311 2343 si
1361 2284 1438 2356 Q.
1490 2284 1757 2360 Ligarius
1808 2288 1866 2343 in
1924 2287 2087 2345 Italia
2144 2306 2269 2344 esse

377 2385 670 2461 potuisset,
700 2385 761 2441 in
790 2384 997 2441 eadem
1027 2384 1310 2442 sententia
1341 2384 1507 2441 fuerit
1536 2383 1773 2455 futuruS,
1806 2385 1867 2441 in
1911 2404 2026 2461 qua
2070 2385 2270 2443 fratres

375 2484 643 2542 fuerunt?
729 2481 880 2553 Quis
917 2492 1021 2551 est,
1054 2481 1152 2558 qui
1196 2480 1404 2539 horum
1448 2500 1799 2539 consensum
1842 2484 2271 2558 conspirantem

376 2596 432 2641 et
487 2602 671 2659 paene
730 2581 1048 2640 conflatum
1102 2580 1162 2637 in
1219 2580 1328 2638 hac
1386 2599 1569 2657 prope
1627 2582 1967 2657 aequalitate
2023 2581 2272 2639 fraterna

379 2682 614 2752 noverit,
647 2681 743 2757 qui
773 2680 886 2738 hoc
916 2698 1035 2737 non
1071 2680 1296 2749 sentiat,
1328 2679 1556 2754 quidvis
1592 2681 1751 2755 prius
1787 2680 2040 2737 futurum
2079 2679 2270 2750 fuisse,

376 2799 550 2857 quam
581 2790 644 2836 ut
662 2780 732 2835 xhi
771 2778 968 2835 fratres
1008 2777 1257 2835 diversas
1297 2778 1610 2835 sententias
1652 2777 2022 2855 fortunasque
2068 2797 2270 2855 seque-

376 2880 608 2936 rentur?
667 2876 981 2935 Voluntate
1011 2876 1179 2951 igitur
1208 2894 1414 2933 omnes
1440 2884 1636 2933 tecum
1666 2876 1910 2946 fuerunt,
1931 2888 2272 2953 tempestate

377 2978 649 3051 abreptus
680 2985 764 3033 est
796 2992 946 3032 unus
972 2994 988 3046 3
1035 2974 1132 3050 qui
1163 2974 1209 3031 si
1239 2974 1482 3031 consilio
1511 2975 1568 3032 id
1597 2974 1841 3046 fecisset,
1876 2986 2027 3033 esset
2068 2993 2269 3033 eorum

377 3074 594 3145 similiS,
626 3091 776 3149 quos
818 3084 875 3130 tu
923 3083 1116 3130 tamen
1159 3073 1350 3131 salvos
1394 3090 1520 3129 esse
1550 3073 1793 3131 voluisti.
1881 3073 1999 3131 Sed
2036 3073 2160 3131 ierit
2197 3074 2271 3130 ad
2298 3082 2359 3129 35

380 3172 615 3243 bellum,
646 3171 968 3229 dissenserit
997 3188 1118 3229 non
1157 3190 1192 3229 a
1229 3184 1283 3228 te
1324 3170 1530 3240 solum,
1561 3189 1757 3229 verum
1799 3171 1973 3228 etiam
2015 3190 2050 3229 a
2091 3171 2271 3228 fratri-

380 3272 519 3340 bus;
564 3270 620 3327 hi
655 3283 708 3327 te
736 3279 900 3327 orant
928 3270 1026 3325 tui.
1093 3268 1385 3344 Equidem
1419 3287 1554 3326 cum
1585 3270 1694 3327 tuis
1724 3270 1996 3327 omnibus
2026 3270 2273 3345 negotiis

380 3370 736 3437 interessem,
780 3367 1061 3425 memoria
1111 3378 1297 3435 tene0,
1347 3366 1533 3442 qualis
1576 3367 1649 3425 T.
1694 3366 1957 3443 Ligarius
2000 3381 2274 3442 quaestor

381 3467 638 3523 urbanus
667 3464 832 3522 fuerit
860 3483 998 3540 erga
1027 3475 1081 3522 te
1111 3476 1166 3523 et
1195 3464 1533 3537 dignitatem
1562 3474 1737 3523 tuam.
1812 3464 1926 3524 Sed
1956 3485 2157 3543 parum
2188 3476 2272 3522 est
