2727 3901
436 218 521 305 36
983 237 1065 288 M.
1118 235 1340 286 TULLJ
1386 233 1788 286 CICERONIS

434 410 544 451 nec
582 392 641 450 in
673 391 1078 469 facinerosum,
1108 396 1218 455 nisi
1254 405 1408 455 esset
1448 395 1603 454 idem
1644 393 2091 465 amentissimus,
2122 394 2183 453 id
2223 412 2329 453 vos

435 500 490 549 et
533 509 569 549 a
609 489 732 551 viro
775 492 999 570 optimo
1039 505 1096 554 et
1134 496 1208 554 ab
1242 494 1481 554 homine
1515 493 1753 552 minime
1792 493 1966 552 stulto
2005 493 2327 568 cogitatum

347 591 405 645 17
435 607 560 648 esse
605 590 978 668 confingitis?
1059 593 1140 651 At
1181 611 1359 669 quam
1402 611 1522 652 non
1564 591 1744 651 modo
1796 610 1917 651 non
1967 591 2327 662 credibiliter,

434 687 537 746 sed
576 707 650 746 ne
689 689 1004 766 suspiciose
1038 690 1311 768 quidem!
1404 695 1418 721 ‘
1438 687 1627 762 Cum,’
1656 689 1857 766 inquit,
1890 689 1987 747 ‘in
2024 688 2323 748 castellum

431 785 634 844 Peium
679 787 932 846 venisses
976 797 1033 846 et
1077 787 1320 847 domum
1363 789 1515 864 regis
1554 787 1797 865 hospitis
1838 788 1923 845 tui
1964 786 2323 858 devertisseS,

430 885 592 943 locus
621 896 742 944 erat
776 886 1033 963 quidam,
1066 887 1128 944 in
1168 904 1289 963 quo
1331 896 1497 944 erant
1538 905 1609 944 ea
1650 885 1995 962 composita,
2026 885 2238 963 quibus
2266 895 2324 942 te

430 1000 532 1040 rex
561 1001 868 1042 munerare
903 985 1294 1044 constituerat.
1383 985 1521 1043 Huc
1564 994 1621 1042 te
1664 1002 1695 1041 e
1728 983 1957 1054 balne0,
1987 985 2323 1060 priusquam

429 1082 820 1151 accumberes,
864 1081 1074 1141 ducere
1116 1082 1357 1141 volebat.
1440 1082 1623 1140 Erant
1665 1083 1822 1140 enirn
1866 1082 2089 1153 armati,
2126 1081 2227 1158 qui
2268 1091 2323 1139 te

428 1179 831 1252 interficerent,
876 1180 937 1238 in
976 1198 1051 1239 eo
1091 1180 1220 1258 ipso
1262 1180 1397 1239 loco
1446 1179 1744 1240 collocati.'
1826 1180 1922 1238 En
1969 1181 2205 1250 crimen,
2248 1197 2321 1236 en

430 1295 624 1348 causa,
682 1296 784 1336 cur
838 1296 1035 1355 regern
1093 1278 1383 1355 fugitivuS‚
1444 1279 1749 1338 dominum
1808 1297 2006 1337 servus
2051 1281 2319 1338 accuset!

427 1375 561 1452 Ego
591 1375 969 1448 mehercules,
1001 1375 1234 1446 Caesar,
1269 1377 1449 1450 initio,
1483 1395 1619 1437 cum
1646 1387 1734 1436 est
1776 1376 1851 1435 ad
1886 1395 1981 1436 me
2022 1376 2101 1436 ita
2143 1395 2321 1436 causa

429 1471 633 1544 delata,
684 1472 1032 1550 Phidippum
1090 1474 1405 1547 medicum,
1458 1493 1685 1534 servum
1740 1475 1979 1552 regium,
2028 1475 2128 1552 qui
2186 1494 2323 1535 cum

426 1572 630 1648 legatis
671 1572 882 1631 missus
923 1582 1088 1644 esset,
1127 1572 1202 1632 ab
1237 1573 1349 1632 isto
1394 1573 1759 1632 adulescente
1793 1592 1922 1632 esse
1965 1583 2318 1650 corruptum,

427 1669 537 1727 hac
567 1687 695 1727 sum
726 1670 1052 1746 suspicione
1082 1689 1411 1747 percussus:
1459 1675 1473 1701 ‘
1496 1671 1797 1730 Medicum
1834 1671 2087 1730 indicem
2116 1673 2322 1732 subor-

428 1767 612 1840 navit;
669 1768 849 1844 finget
898 1768 1159 1828 videlicet
1207 1770 1447 1847 aliquod
1502 1771 1721 1830 crimen
1777 1769 2017 1829 veneni.’
2104 1769 2228 1830 Etsi
2285 1790 2320 1829 a

427 1867 658 1926 veritate
686 1866 878 1944 longe,
909 1879 1103 1927 tamen
1130 1887 1165 1928 a
1195 1870 1611 1928 consuetudine
1640 1868 1981 1929 criminandi
2019 1888 2141 1928 non
2169 1871 2318 1928 mul·

338 1973 398 2019 18
427 1975 551 2023 tum
572 1984 664 2025 res
693 1966 1059 2026 abhorrebat.
1145 1967 1306 2040 Quid
1335 1969 1415 2027 ait
1440 1969 1736 2028 medicus?
1779 1968 1941 2027 Nihil
1970 1969 2043 2029 de
2072 1988 2315 2030 veneno.

426 2064 506 2123 At
548 2065 607 2124 id
651 2065 769 2124 fieri
812 2066 1002 2143 potuit
1044 2067 1296 2143 primum
1337 2068 1622 2126 occultius
1664 2068 1726 2125 in
1768 2068 2021 2144 potione,
2049 2069 2111 2126 in
2149 2070 2316 2141 eibo;

425 2163 634 2222 deinde
675 2164 850 2223 etiam
892 2165 1169 2241 inpunius
1210 2165 1290 2237 fit,
1322 2166 1483 2243 quod
1526 2184 1661 2224 cum
1705 2175 1792 2224 est
1834 2165 2071 2239 factum,
2117 2168 2318 2244 negari

423 2271 630 2338 potest.
716 2262 776 2320 Si
805 2262 1000 2339 palam
1029 2273 1086 2322 te
1120 2264 1523 2335 interemisset,
1552 2264 1815 2323 omnium
1848 2264 1908 2322 in
1952 2283 2014 2323 se
2051 2266 2313 2341 gentium

421 2378 542 2419 non
572 2358 761 2419 solum
789 2339 938 2432 odia,
970 2361 1073 2421 sed
1115 2362 1289 2421 etiam
1333 2380 1496 2421 arma
1537 2362 1947 2435 convertisset3
1992 2363 2041 2420 si
2070 2382 2311 2436 venen0‚

423 2457 578 2516 Iovis
606 2458 700 2517 ille
731 2459 967 2536 quidem
996 2459 1300 2536 hospitalis
1329 2478 1550 2517 numen
1568 2478 1891 2537 numquam
1920 2461 2105 2521 celare
2137 2472 2315 2538 potu-

420 2556 575 2628 isset,
621 2555 886 2615 homines
934 2556 1173 2617 fortasse
1223 2557 1482 2617 celasset.
1566 2557 1747 2630 Quod
1793 2558 1964 2634 igitur
2009 2568 2066 2617 et
2115 2562 2313 2620 conari

422 2654 702 2713 occultius
729 2665 788 2713 et
815 2655 1038 2713 efficere
1068 2656 1292 2715 cautius
1319 2656 1522 2732 potuit,
1546 2656 1606 2715 id
1633 2656 1735 2714 tibi
1763 2666 1821 2715 et
1843 2656 2072 2715 medico
2102 2657 2313 2716 callido

421 2762 480 2810 et
527 2765 712 2825 servo,
761 2763 825 2811 ut
869 2755 1126 2830 putabat,
1174 2753 1330 2812 fideli
1374 2772 1497 2829 non
1552 2754 1793 2813 credidit
1810 2773 1826 2825 ;
1870 2754 1943 2813 de
1993 2756 2185 2827 armis,
2240 2756 2313 2815 de

335 2849 394 2897 19
420 2848 584 2921 ferm,
616 2851 688 2909 de
716 2850 936 2909 insidiis
963 2852 1148 2910 celare
1177 2862 1235 2911 te
1263 2850 1487 2912 noluit?
1554 2852 1633 2910 At
1661 2871 1839 2929 quam
1867 2852 2063 2912 festive
2093 2854 2314 2913 crimen

420 2949 778 3008 contexitur!
864 2954 878 2979 ‘
901 2950 1036 3007 Tua
1112 2951 1202 3021 te,'
1280 2950 1485 3027 inquit,
1543 2956 1557 2981 ‘
1580 2951 1784 3010 eadem
1860 2970 2013 3028 quae
2085 2971 2315 3030 semper

419 3046 650 3105 fortuna
678 3048 950 3120 servavit;
997 3048 1272 3126 negavisti
1302 3060 1427 3107 tum
1455 3058 1510 3108 te
1540 3046 1820 3125 inspicere
1848 3048 2025 3108 velle.’

505 3145 570 3204 7.
616 3143 774 3216 Quid
827 3147 1075 3222 postea?
1119 3165 1196 3205 an
1251 3145 1561 3206 Deiotarus
1613 3166 1675 3205 re
1725 3148 1824 3206 illo
1880 3158 2141 3224 tempore
2190 3168 2313 3209 non

419 3242 672 3318 perfecta
722 3244 1001 3302 continuo
1059 3244 1272 3304 dimisit
1326 3244 1685 3304 exercitum?
1744 3245 1933 3304 nullus
1990 3256 2115 3305 erat
2170 3248 2317 3307 alius

419 3340 727 3399 insidiandi
756 3340 963 3401 locus?
1047 3341 1127 3401 At
1168 3343 1379 3402 eodem
1422 3352 1497 3415 te,
1541 3360 1675 3403 cum
1717 3344 2056 3416 cenavisseS,
2100 3345 2314 3405 reditu-

417 3454 548 3495 rum
575 3436 815 3512 dixeraS,
845 3440 1039 3519 itaque
1067 3440 1264 3501 fecisti.
1347 3441 1577 3501 Horam
1596 3460 1776 3501 unam
1804 3452 1903 3502 aut
1931 3442 2077 3503 duas
2104 3444 2315 3505 eodem
