2727 3901
436 223 519 310 38
987 240 1068 288 M.
1123 239 1345 289 TULLJ
1388 238 1789 289 CICERONIS

432 397 684 468 vinciret,
713 415 861 474 quos
889 415 1088 456 secum
1116 397 1383 468 habebat,
1412 408 1468 457 te
1498 398 1753 457 solutum
1771 397 2025 458 Romam
2044 398 2322 470 mittebat,

433 497 536 573 qui
568 495 775 555 eadem
802 496 993 568 scireS,
1025 513 1175 572 quae
1203 495 1330 554 illos
1359 497 1503 556 scire
1530 496 1674 555 dicis
1694 483 1735 554 ?‘

436 679 617 726 Third
649 679 897 726 division
918 675 1015 740 (ἐξ
1055 675 1266 740 22-34):
1317 676 1523 740 charges
1556 676 1721 726 which
1755 675 2030 726 reinforced
2074 675 2159 725 the
2194 676 2330 725 main

565 758 874 808 accusation:
918 757 990 822 (a)
1014 758 1126 806 that
1149 757 1435 806 Deiotarus·
1454 759 1561 806 had
1590 759 1702 807 been
1735 774 1799 806 on
1833 757 1914 806 the
1946 758 2106 806 walch
2123 758 2222 822 sor
2250 758 2331 807 his

563 841 876 906 opportunity
889 857 913 901 ;
951 841 1028 906 (b)
1060 841 1173 889 that
1203 843 1264 890 lte
1297 842 1405 890 had
1432 843 1547 891 been
1580 843 1866 905 muster-ing
1892 857 1963 890 an
1993 858 2144 905 army
2174 849 2222 890 to
2253 848 2333 890 act

563 924 766 988 against
790 925 984 974 Caesar.
1050 926 1102 974 T
1092 925 1151 974 lte
1173 925 1325 974 latter
1344 925 1522 988 charge
1546 924 1624 988 (b)
1650 925 1696 973 is
1717 925 1864 974 taken
1869 925 2014 989 first.
2059 925 2333 973 Deiotarus

565 1008 710 1056 could
726 1015 814 1056 not
827 1009 1086 1057 maintain
1107 1024 1138 1056 a
1161 1007 1300 1072 large
1320 1023 1469 1070 army
1486 1008 1611 1072 iflze
1632 1007 1833 1056 wished.
1878 1009 1929 1069 (ξ
1952 1022 1979 1055 2
1986 1007 2037 1071 3)
2057 1007 2232 1071 Again
2258 1006 2327 1070 (c)

566 1089 676 1138 that
711 1089 770 1138 he
802 1090 1009 1138 ordered
1035 1105 1214 1152 envoys
1248 1095 1297 1138 to
1323 1104 1389 1152 go
1427 1095 1476 1138 to
1516 1089 1778 1150 Caecilius,
1815 1105 1848 1137 a
1875 1089 2147 1154 Pompeian
2160 1103 2177 1137 .·
2221 1088 2335 1152 they

566 1170 773 1235 refused,
813 1171 922 1219 and
951 1186 1078 1219 were
1121 1172 1350 1221 arrested.
1433 1173 1482 1220 A
1530 1171 1679 1233 likely
1708 1177 1842 1233 story
1884 1171 2063 1233 truly!
2144 1170 2193 1234 (ξ
2246 1170 2330 1236 ²4)

564 1253 793 1302 Another
821 1253 996 1316 charge
1014 1271 1030 1302 .-
1079 1253 1156 1317 (d)
1194 1253 1309 1301 that
1338 1254 1614 1303 Deiotarus
1646 1261 1756 1302 sent
1785 1255 1874 1302 but
1895 1261 2022 1318 poor
2050 1252 2253 1316 cavalry
2284 1259 2333 1301 to

563 1343 766 1400 support
792 1337 988 1386 Caesar.

519 1484 585 1540 8.
632 1477 879 1556 Reliqua
919 1497 1053 1555 pars
1102 1479 1485 1538 accusationis
1534 1478 1747 1556 duplex
1796 1478 1916 1551 fuit,
1967 1497 2085 1536 una
2134 1496 2331 1554 regem

436 1595 664 1653 semper
713 1577 772 1634 in
817 1577 1063 1653 speculis
1104 1576 1293 1648 fuisse,
1337 1595 1473 1636 cum
1516 1595 1550 1635 a
1591 1587 1647 1635 te
1690 1587 1840 1636 esset
1882 1577 2079 1636 animo
2120 1577 2330 1648 alien0,

436 1675 612 1734 altera
639 1676 956 1733 exercitum
984 1692 1120 1734 eum
1148 1686 1350 1734 contra
1378 1685 1434 1733 te
1463 1693 1745 1752 magnum
1753 1682 2153 1752 comparasse.
2239 1673 2331 1733 De

434 1774 690 1832 exercitu
717 1773 906 1832 dicam
936 1774 1182 1832 breviter
1224 1784 1288 1832 ut
1316 1784 1525 1834 cetera.
1611 1772 1953 1850 Numquam
1994 1791 2092 1832 eas
2132 1773 2332 1850 copias

434 1891 537 1932 rex
618 1871 928 1931 Deiotarus
1006 1871 1221 1944 habuit,
1280 1873 1492 1949 quibus
1566 1870 1772 1930 inferre
1837 1870 2058 1940 bellum
2112 1871 2333 1948 populo

438 1971 716 2031 Romano
758 1982 975 2048 posset,
1007 1971 1110 2029 sed
1153 1972 1363 2047 quibus
1406 1971 1551 2030 fines
1594 1989 1731 2030 suos
1773 1971 1850 2029 ab
1892 1971 2331 2030 excursionibus

435 2080 493 2129 et
547 2069 858 2129 latrociniis
913 2078 1169 2129 tueretur
1223 2080 1281 2128 et
1349 2069 1793 2145 imperatoribus
1849 2070 2061 2129 nostris
2118 2069 2333 2128 auxilia

436 2168 697 2226 mitteret.
783 2168 976 2246 Atque
1033 2177 1204 2226 antea
1278 2167 1515 2243 quidem
1589 2167 1839 2225 maiores
1911 2169 2111 2245 copias
2181 2168 2331 2226 alere

347 2280 409 2329 23
435 2276 674 2343 poterat,
731 2285 887 2325 nunc
942 2266 1183 2343 exiguas
1238 2267 1334 2325 vix
1389 2266 1530 2325 tueri
1588 2274 1795 2342 potest.
1907 2266 1985 2324 At
2047 2266 2203 2323 misit
2257 2264 2331 2324 ad

437 2364 755 2424 Caecilium
791 2365 989 2425 nescio
1039 2382 1252 2441 quem3
1311 2364 1417 2422 sed
1464 2382 1584 2435 eoS,
1630 2382 1778 2440 quos
1823 2363 1993 2435 misit,
2043 2364 2207 2441 quod
2249 2364 2330 2422 ire

435 2463 758 2535 noluerunt,
803 2464 864 2521 in
919 2461 1108 2522 vincla
1161 2462 1421 2521 coniecit.
1506 2460 1648 2520 Non
1697 2479 1933 2539 quaero,
1981 2479 2159 2539 quam
2214 2462 2330 2519 veri

435 2562 618 2621 simile
648 2563 719 2621 sit
747 2573 846 2621 aut
873 2580 996 2621 non
1035 2561 1306 2621 habuisse
1343 2579 1559 2638 regem,
1591 2578 1739 2638 quos
1774 2560 2038 2632 mitteret,
2069 2569 2168 2618 aut
2207 2578 2328 2631 eOS,

434 2678 582 2737 quos
623 2661 891 2732 misisset,
933 2678 1054 2719 non
1094 2660 1373 2736 paruisse,
1417 2670 1529 2731 aut,
1576 2659 1675 2737 qui
1724 2659 1879 2717 dicto
1928 2659 2229 2717 audientes
2270 2659 2330 2717 in

433 2769 607 2818 tanta·
635 2778 696 2817 re
744 2777 866 2818 non
911 2758 1168 2829 fuissent,
1213 2776 1314 2817 eos
1357 2758 1579 2817 vinctos
1621 2757 1812 2834 potius
1854 2774 2031 2833 quam
2075 2768 2330 2817 necatos,

435 2857 554 2916 Sed
597 2867 810 2928 tamen,
858 2874 993 2916 cum
1044 2856 1120 2916 ad
1171 2855 1490 2915 Caecilium
1536 2856 1815 2926 mittebat,
1858 2865 2051 2914 utrum
2095 2873 2330 2915 causam

433 2956 590 3015 illam
624 2957 833 3015 victam
876 2974 1003 3015 esse
1044 2956 1338 3015 nesciebat
1379 2974 1453 3013 an
1485 2954 1805 3014 Caecilium
1847 2954 2019 3012 istum
2051 2972 2330 3031 magnum

434 3054 736 3113 hominem
775 3055 1057 3131 putabat?
1100 3072 1274 3131 quem
1310 3054 1574 3130 profecto
1606 3053 1672 3125 is,
1702 3052 1803 3129 qui
1843 3052 2061 3129 optime
2098 3062 2329 3111 nostros

436 3153 706 3212 homines
735 3153 912 3224 novit,
940 3152 1026 3210 vel
1056 3152 1192 3230 quia
1220 3170 1342 3210 non
1372 3161 1588 3223 nosset,
1619 3150 1709 3209 vel
1744 3150 1790 3210 si
1820 3160 2035 3221 nosset,
2067 3159 2328 3209 contem-

346 3260 407 3306 24
435 3262 614 3311 neret.
696 3250 878 3309 Addit
918 3250 1108 3318 etiam.
1133 3250 1286 3321 illud,
1329 3250 1555 3327 equites
1610 3267 1731 3307 non
1787 3249 2042 3326 optimos
2086 3249 2327 3309 misisse.

438 3348 648 3421 Credo,
682 3348 916 3421 Caesar,
945 3349 1089 3407 nihil
1133 3349 1208 3408 ad
1237 3359 1401 3407 tuum
1432 3348 1769 3425 equitatum,
1800 3346 1903 3405 sed
1944 3347 2099 3405 misit
2142 3366 2215 3406 ex
2244 3348 2327 3419 iis,

435 3466 586 3525 quos
640 3448 860 3520 habuit,
902 3447 1135 3508 electos
1222 3447 1320 3506 Ait
1376 3446 1577 3507 nescio
1620 3464 1798 3522 quem
1840 3464 1913 3503 ex
1957 3464 2030 3506 eo
2078 3464 2327 3505 numero
