2727 3901
299 1069 362 1116 21

409 191 445 254 8
957 201 1040 252 M.
1091 201 1316 251 TULLJ
1359 200 1765 251 CICERONIS

407 364 550 424 Non
592 363 748 422 enim
776 371 876 421 tua
917 361 1034 420 ulla
1073 359 1249 438 culpa
1275 371 1379 432 est,
1410 362 1459 420 si
1498 371 1555 420 te
1599 359 1776 437 aliqui
1806 360 2137 431 timuerunt,
2166 375 2307 416 eon-

405 471 609 539 traque
652 479 880 520 summa
920 461 1066 532 lauS,
1103 459 1265 537 quod
1306 460 1545 517 minime
1588 458 1915 518 timendum
1956 457 2131 516 fuisse
2173 473 2307 516 sen-

405 570 618 620 serunt.

409 695 633 742 Second
655 693 909 740 division
931 692 997 738 of
1023 693 1122 738 the
1145 694 1444 748 argument
1470 691 1555 750 (55
1579 689 1778 750 21-30).
1861 689 1963 736 You
1990 693 2178 750 suspect
2197 685 2309 734 that

525 789 666 838 your
685 773 776 837 lise
799 774 844 822 is
868 773 928 822 in
949 773 1150 835 danger.
1207 771 1363 821 What
1385 772 1625 820 madman
1648 771 1820 820 would
1832 777 2041 834 attempt
2062 769 2107 818 it
2124 768 2149 819 4?
2206 767 2308 817 The

537 855 696 921 sasety
716 855 850 920 osus
879 856 958 903 all
977 856 1021 903 is
1043 855 1214 903 bound
1241 861 1310 918 up
1333 853 1460 902 with
1487 854 1545 903 it.
1624 855 1675 902 T
1666 853 1725 902 hc
1756 868 1887 902 more
1909 852 2041 914 need,
2067 851 2307 910 however,

528 937 621 1001 fbr
639 954 702 986 us
721 944 770 986 to
786 938 838 986 be
859 937 1096 1000 vigilant.

492 1051 555 1111 7-
600 1053 777 1114 Nunc
819 1054 990 1112 venio
1037 1053 1114 1112 ad
1158 1053 1557 1130 gravissimam
1601 1052 1917 1130 querellam
1966 1061 2023 1110 et
2071 1052 2307 1111 atrocis-

407 1153 616 1212 simam
645 1153 1037 1230 suspicionem
1065 1161 1245 1223 tuam,
1277 1171 1429 1229 quae
1457 1169 1578 1210 non
1606 1152 1710 1210 tibi
1750 1152 1859 1227 ipsi
1897 1151 2087 1228 magis
2126 1169 2303 1227 quam

407 1271 544 1312 cum
586 1252 860 1310 omnibus
903 1252 1138 1322 civibus,
1169 1260 1294 1309 tum
1335 1269 1609 1309 maxume
1654 1250 1843 1323 nobiS,
1876 1249 1976 1327 qui
2019 1269 2055 1308 a
2081 1258 2138 1309 te
2167 1267 2306 1309 con-

405 1350 609 1410 servati
664 1368 880 1422 sumuS,
931 1349 1288 1426 providenda
1342 1358 1463 1422 est3
1506 1368 1683 1426 quam
1728 1350 1835 1408 etsi
1890 1367 2059 1426 spero
2104 1349 2309 1407 falsam

405 1467 551 1520 esse,
602 1458 800 1508 tamen
872 1466 1196 1525 numquam
1250 1449 1598 1507 extenuabo.
1686 1447 1821 1506 Tua
1892 1448 2049 1505 enirn
2120 1448 2310 1506 cautio

405 1557 606 1606 nostra
647 1548 838 1605 cautio
875 1556 978 1617 est,
1007 1556 1087 1618 ut,
1119 1547 1167 1604 si
1201 1547 1262 1603 in
1295 1547 1566 1605 alterutro
1594 1545 1960 1622 peccandum
1988 1546 2076 1618 sit,
2108 1545 2309 1604 malim

405 1645 585 1704 videri
617 1644 790 1704 nimis
820 1644 1054 1703 timidus
1081 1663 1259 1721 quam
1287 1663 1493 1720 parum
1521 1645 1791 1720 prudens.
1880 1644 1996 1702 Sed
2037 1644 2308 1721 quisnam

407 1755 495 1802 est
536 1743 640 1802 iste
683 1753 804 1802 tam
847 1743 1128 1801 demens?
1174 1742 1244 1800 de
1286 1743 1475 1801 tuisne
1518 1739 1773 1822 (tametsi
1802 1743 1901 1820 qui
1946 1743 2133 1818 magis
2178 1753 2310 1800 sunt

407 1841 508 1912 tui,
537 1859 716 1919 quam
745 1841 956 1918 quibus
992 1851 1054 1900 tu
1097 1841 1340 1900 salutem
1369 1841 1799 1917 insperantibus
1840 1840 2135 1899 reddidisti
2156 1837 2204 1920 ?)
2234 1859 2311 1898 an

408 1959 481 2000 ex
523 1938 636 1998 hoc
677 1958 942 2011 numero,
987 1940 1087 2016 qui
1128 1959 1246 1999 una
1289 1949 1484 1999 tecum
1525 1939 1797 1999 fuerunt?
1882 1937 2025 1998 Non
2066 1949 2153 1999 est
2192 1957 2309 1997 cre-

409 2038 598 2097 dibilis
625 2048 818 2096 tantus
847 2039 908 2095 in
937 2038 1055 2098 ullo
1082 2039 1257 2109 furor,
1287 2049 1367 2110 ut,
1396 2057 1517 2116 quo
1545 2038 1692 2097 duce
1732 2038 1933 2097 omnia
1974 2056 2203 2097 summa
2241 2038 2311 2097 sit

409 2136 670 2213 adeptus,
715 2136 887 2194 huius
927 2136 1101 2195 vitam
1145 2154 1268 2195 non
1309 2146 1627 2213 anteponat
1668 2154 1823 2195 suae.
1910 2138 2021 2210 An,
2070 2138 2116 2195 si
2169 2136 2311 2194 nihil

408 2235 492 2293 tui
547 2234 804 2311 cogitant
875 2234 1121 2306 sceleriS,
1179 2235 1505 2294 cavendum
1561 2244 1665 2307 est,
1722 2253 1798 2293 ne
1853 2234 1992 2311 quid
2047 2235 2309 2292 inimici?

411 2332 572 2405 Qui?
615 2351 824 2391 omnes
867 2334 1042 2405 enim,
1073 2334 1174 2411 qui
1215 2334 1466 2405 fuerunt,
1498 2344 1598 2392 aut
1640 2351 1744 2391 sua
1778 2334 2095 2409 pertinacia
2134 2334 2311 2392 vitam

408 2432 728 2491 amiserunt
770 2441 868 2490 aut
911 2441 1010 2490 tua
1056 2431 1448 2491 misericordia
1495 2433 1865 2504 retinuerunt,
1912 2441 1972 2489 ut
2023 2441 2121 2489 aut
2170 2432 2313 2489 nulli

409 2530 701 2606 supersint
748 2529 820 2588 de
868 2530 1116 2588 inimicis
1171 2540 1286 2603 aut,
1337 2530 1439 2606 qui
1494 2530 1744 2601 fuerunt,
1792 2530 1905 2588 sint
1960 2529 2309 2589 amicissimi.

321 2644 384 2692 22
413 2626 530 2687 Sed
557 2638 752 2686 tamen
795 2646 932 2687 cum
971 2628 1035 2686 in
1077 2628 1284 2687 animis
1325 2627 1631 2687 hominum
1670 2637 1864 2686 tantae
1907 2626 2157 2686 latebrae
2200 2629 2313 2686 sint

409 2736 468 2785 et
493 2727 634 2785 tanti
662 2744 941 2799 recessuS‚
973 2745 1290 2803 augeamus
1319 2746 1462 2786 sane
1489 2726 1881 2803 suspicionem
1903 2735 2098 2797 tuam;
2142 2727 2315 2785 simul

410 2825 569 2883 enim
598 2825 942 2900 augebimus
970 2825 1344 2902 diligentiam.
1430 2824 1587 2885 Nam
1616 2826 1747 2901 quis
1776 2834 1865 2883 est
1902 2825 2165 2883 omnium
2193 2834 2312 2883 tam

412 2924 648 2999 ignarus
675 2941 882 2993 rerum,
913 2931 1032 2982 tarn
1063 2924 1222 2983 rudis
1250 2925 1311 2983 in
1339 2943 1401 2983 re
1435 2924 1685 3001 publica,
1708 2907 1829 2981 tam
1857 2921 2001 2980 nihil
2028 2940 2313 2999 umquam

413 3038 522 3080 nec
546 3018 619 3080 de
655 3038 759 3078 sua
787 3039 897 3080 nec
915 3022 988 3080 de
1017 3022 1317 3081 communi
1347 3022 1527 3081 salute
1559 3022 1841 3098 cogitanS,
1864 3020 1964 3098 qui
1994 3039 2119 3080 non
2148 3021 2312 3081 intel·
2396 3050 2401 3054 ·

414 3120 570 3196 legat
611 3129 709 3178 tua
751 3120 932 3179 salute
961 3122 1240 3180 contineri
1283 3140 1449 3181 suam
1478 3132 1535 3180 et
1572 3141 1645 3181 ex
1675 3121 1848 3179 unius
1890 3130 1989 3179 tua
2015 3122 2130 3179 vita
2171 3139 2314 3196 pen-

414 3218 551 3277 dere
580 3218 884 3277 omnium?
968 3219 1264 3297 Equidem
1291 3221 1365 3280 de
1395 3229 1452 3279 te
1483 3220 1604 3280 dies
1633 3229 1972 3296 noctesque,
2002 3230 2066 3277 ut
2106 3218 2309 3290 debe0,

415 3316 680 3393 cogitans
724 3335 893 3376 casus
955 3319 1257 3379 dumtaxat
1311 3319 1601 3379 humanos
1656 3327 1715 3377 et
1770 3318 2023 3382 incertos
2077 3328 2317 3377 eventus

415 3414 757 3474 valetudinis
806 3427 864 3475 et
921 3426 1160 3477 naturae
1210 3418 1544 3478 communis
1588 3416 1953 3493 fragilitatem
1999 3416 2317 3477 extimesco
