2727 3901
469 255 613 306 PRO
655 254 866 304 REGE
906 253 1299 305 DEIOTARO
1349 254 1642 305 ORATIO.
1734 242 1805 325 ἕξ
1850 239 2087 326 34-38.
2148 255 2235 322 45

335 423 422 472 est
467 413 670 473 solitus
716 413 969 490 benigne
1015 412 1121 471 sibi
1163 431 1198 470 a
1240 411 1464 490 populo
1509 410 1784 471 Romano
1830 430 1957 471 esse
1998 411 2237 482 facturn,

337 511 497 588 quod
538 512 710 570 nimis
753 530 970 588 magna
1011 512 1422 587 procuratione
1465 511 1738 570 liberatus
1782 511 2027 570 modicis
2071 511 2237 588 regni

336 610 595 670 terminis
638 620 908 683 uteretur,
939 620 1131 687 potest
1174 609 1358 668 multo
1386 609 1610 669 facilius
1654 629 1714 669 se
1743 609 2055 669 Deiotarus
2098 627 2237 669 con-

335 709 525 768 solari.
608 709 712 768 Ille
761 708 917 767 enim
968 707 1174 767 furoris
1222 708 1467 766 multam
1510 708 1832 780 sustulerat,
1877 709 1972 767 hic
2014 708 2239 766 erroris·

339 807 556 882 Omnia
596 817 658 866 tu
700 805 996 876 Deiotaro,
1039 805 1270 878 Caesar,
1315 807 1574 878 tribuisti,
1612 825 1746 865 cum
1788 815 1845 864 et
1884 807 1991 883 ipsi
2024 817 2082 866 et
2120 806 2237 864 filio

335 923 558 964 nomen
607 905 832 981 regium
877 904 1233 964 concessisti.
1319 905 1459 964 Hoc
1503 905 1739 964 nomine
1782 915 2010 964 retento
2065 915 2236 981 atque

337 1012 558 1061 servato
602 1002 822 1061 nullum
863 1002 1213 1062 beneficium
1255 1003 1456 1080 populi
1502 1003 1779 1074 Romani,
1823 1003 2047 1061 nullum
2092 1003 2238 1061 iudi-

334 1101 487 1158 cium
518 1099 592 1159 de
636 1118 696 1159 se
741 1111 976 1159 senatus
1018 1102 1391 1159 imminutum
1421 1112 1599 1178 putat.
1683 1099 1911 1176 Magno
1954 1101 2152 1160 animo
2182 1112 2239 1159 et

334 1208 529 1258 erecto
572 1208 659 1258 est
702 1217 810 1257 nec
851 1216 1131 1276 umquam
1176 1201 1518 1259 succumbet
1559 1200 1823 1271 inimiciS,
1856 1219 1931 1258 ne
1972 1199 2236 1259 fortunae

335 1297 587 1373 quidem.
671 1297 860 1356 Multa
902 1317 965 1357 se
1009 1298 1316 1358 arbitratur
1358 1309 1415 1358 et
1456 1300 1753 1376 peperisse
1796 1309 1930 1358 ante
1972 1298 2137 1358 factis
2179 1308 2236 1357 et
2264 1309 2325 1360 37

332 1397 546 1456 habere
588 1398 648 1456 in
691 1397 890 1456 animo
933 1406 1106 1472 atque
1148 1397 1368 1469 virtute,
1413 1416 1566 1474 quae
1616 1397 1777 1457 nullo
1821 1397 2005 1456 modo
2054 1397 2238 1474 possit

335 1494 612 1554 amittere.
697 1494 868 1567 Quae
917 1494 1074 1554 enim
1121 1494 1349 1554 fortuna
1399 1506 1497 1555 aut
1546 1496 1675 1573 quis
1722 1513 1914 1555 casus·
1944 1506 2042 1555 aut
2088 1514 2239 1573 quae

334 1603 493 1651 tanta
548 1594 729 1670 possit
772 1593 979 1651 iniuria
1030 1595 1299 1652 omnium
1355 1595 1771 1670 imperatorum
1827 1594 1900 1653 de
1958 1593 2238 1652 Deiotaro

336 1691 565 1750 decreta
620 1691 850 1750 delere?
960 1691 1058 1749 Ab
1118 1692 1392 1750 omnibus
1448 1691 1604 1750 enim
1661 1702 1747 1750 est
1802 1702 2061 1764 ornatus,
2118 1693 2235 1769 qui,

334 1799 719 1866 posteaquam
763 1789 824 1847 in
870 1790 1073 1848 castris
1120 1807 1246 1848 esse
1291 1789 1482 1866 potuit
1522 1807 1626 1867 per
1668 1800 1931 1861 aetatem,
1977 1791 2037 1848 in
2078 1791 2237 1862 Asia,

336 1886 731 1965 Cappadocia,
762 1887 968 1961 Ponto,
996 1887 1218 1962 Cilicia,
1245 1887 1408 1967 Syria
1437 1887 1589 1948 bella
1615 1899 1921 1965 gesserunt
1942 1907 1958 1961 3
2003 1899 2239 1948 senatus

334 2004 472 2045 vero
508 1986 718 2046 iudicia
769 1987 840 2046 de
889 1987 987 2047 illo
1037 1999 1156 2046 tam
1205 1986 1387 2047 multa
1428 1997 1663 2064 tamque
1706 1987 2040 2059 honorifica,
2086 2006 2237 2065 quae

337 2084 582 2160 publicis
610 2085 809 2162 populi
838 2084 1096 2145 Romani
1139 2085 1334 2144 litteris
1378 2086 1864 2161 monimentisque
1893 2087 2237 2161 consignata

336 2193 484 2253 sunt,
513 2201 664 2259 quae
692 2202 976 2261 umquam
1004 2192 1254 2242 vetustas
1284 2184 1491 2242 obruet
1518 2192 1615 2241 aut
1643 2200 1791 2260 quae
1820 2193 1981 2242 tanta
2021 2184 2238 2243 delebit

337 2281 595 2340 oblivio?
679 2280 839 2353 Quid
881 2282 956 2340 de
1011 2282 1217 2340 virtute
1272 2282 1399 2341 eius
1455 2281 1664 2353 dicam,
1712 2282 1785 2341 de
1838 2282 2237 2359 magnitudine

336 2379 530 2451 animi,
584 2381 874 2455 gravitate,
927 2380 1290 2439 constantia?
1362 2397 1512 2456 quae
1575 2397 1783 2438 omnes
1844 2379 2001 2438 docti
2060 2390 2236 2457 atque

335 2478 622 2554 sapientes
678 2496 922 2550 summa,
981 2477 1218 2555 quidam
1271 2478 1446 2536 etiam
1500 2477 1624 2537 sola
1680 2480 1837 2537 bona
1891 2495 2020 2536 esse
2071 2477 2237 2537 dixe·

334 2586 480 2647 runt,
526 2576 730 2653 hisque
780 2594 900 2635 non
956 2575 1138 2635 modo
1195 2576 1270 2634 ad
1330 2577 1495 2647 bene,
1553 2576 1656 2635 sed
1710 2576 1885 2634 etiam
1930 2576 2005 2634 ad
2063 2577 2235 2635 beate

335 2673 644 2732 vivendum
687 2684 1020 2733 contentam
1063 2692 1190 2758 esse
1235 2674 1520 2733 virtutem.
1605 2673 1773 2733 Haec
1826 2674 1916 2732 ille
1960 2683 2238 2751 reputans

338 2780 396 2829 et
430 2771 552 2830 dies
595 2782 915 2848 noctesque
959 2772 1223 2848 cogitans
1264 2791 1387 2831 non
1420 2772 1603 2832 modo
1632 2773 1734 2830 tibi
1776 2791 1898 2831 non
1942 2782 2239 2831 suscenset

339 2867 517 2945 (esset
544 2870 700 2929 enim
729 2888 851 2929 non
881 2871 1069 2930 solum
1099 2871 1376 2946 ingratuS,
1408 2871 1512 2930 sed
1550 2871 1725 2930 etiam
1758 2870 2005 2951 amens),
2038 2889 2239 2930 verum

341 2984 578 3027 omnem
627 2968 1098 3045 tranquillitatem
1153 2979 1211 3027 et
1267 2970 1523 3045 quietern
1579 2970 1889 3029 senectutis
1934 2968 2237 3047 acceptam

341 3064 510 3124 refert
538 3066 882 3125 clementiae
912 3075 1062 3125 tuae.

425 3164 540 3220 14.
586 3163 726 3235 Quo
783 3164 1021 3241 quidem
1077 3164 1277 3223 animo
1332 3183 1471 3224 cum
1527 3175 1698 3225 antea
1754 3166 1875 3237 fuit,
1933 3178 2060 3225 tum
2114 3186 2237 3227 non

340 3262 558 3330 dubito,
593 3262 735 3339 quin
763 3264 874 3322 tuis
902 3262 1117 3335 litteris,
1150 3281 1399 3340 quarum
1442 3265 1774 3341 exemplum
1811 3264 1943 3341 legi,
1978 3283 2125 3343 quas
2163 3266 2238 3324 ad

337 3376 476 3417 eum
525 3358 860 3419 Tarracone
909 3360 1042 3420 huie
1095 3360 1392 3421 Blesamio
1437 3362 1659 3435 dedisti,
1711 3381 1773 3422 se
1825 3363 2012 3441 magis
2064 3363 2238 3423 etiam

339 3458 585 3517 erexerit
612 3458 688 3518 ab
717 3459 995 3537 omnique
1025 3459 1408 3521 sollicitudine
1438 3462 1794 3521 abstraxerit.
1878 3463 2053 3522 Iubes
2081 3462 2238 3519 enim

2280 2696 2342 2745 88
