2727 3901
438 234 485 294 4
993 229 1075 278 M.
1129 227 1354 280 TULLI
1396 229 1799 280 CICERONIS

440 389 647 449 virtute
693 398 1088 466 praestantem
1145 407 1266 449 non
1322 389 1505 448 modo
1560 389 1836 474 extollere
1892 389 2193 462 iacentem,
2243 389 2344 448 sed

443 489 617 548 etiam
674 488 1025 565 amplificare
1081 488 1204 547 eius
1269 488 1571 565 pristinam
1624 488 1987 564 dignitatem,
2044 487 2189 546 haec
2246 489 2346 566 qui

442 587 593 658 facit,
625 605 746 646 non
773 605 887 664 ego
915 605 1051 645 eum
1077 603 1216 645 cum
1255 587 1502 645 summis
1529 586 1663 645 viris
1694 605 1995 663 comparO,
2026 587 2127 645 sed
2169 585 2348 645 simil-

386 696 417 740 9
442 685 648 743 limum
704 685 816 744 deo
887 685 1101 745 iudico·
1185 685 1407 762 Itaque,
1468 685 1536 744 C.
1610 685 1844 757 Caesar,
1904 684 2143 744 bellicae
2214 696 2347 743 tuae

445 783 644 843 laudes
700 783 1144 842 celebrabuntur
1197 784 1325 842 illae
1382 783 1619 861 quidem
1676 803 1799 842 non
1870 783 2059 843 solum
2116 782 2345 854 nostriS,

445 882 549 942 sed
597 901 784 960 paene
825 883 1090 942 omnium
1146 883 1410 959 gentium
1465 882 1665 941 litteris
1720 892 1895 960 atque
1951 882 2177 959 linguis,
2236 900 2347 940 nec

444 980 562 1039 ulla
617 979 898 1058 uinquam
953 992 1112 1040 aetas
1167 982 1240 1040 de
1300 981 1411 1040 tuis
1470 981 1736 1040 laudibus
1792 981 2140 1039 conticescet
2156 999 2173 1052 ;
2244 980 2348 1038 sed

445 1090 643 1138 tamen
704 1080 826 1138 eius
872 1080 1060 1140 >modi
1109 1099 1204 1139 res
1274 1079 1471 1140 nescio
1537 1097 1659 1156 quo
1716 1079 1914 1152 mod0,
1970 1079 2144 1138 etiam
2213 1096 2347 1136 cum

445 1178 732 1255 leguntur,
773 1179 1028 1255 obstrepi
1071 1178 1324 1237 clamore
1372 1162 1622 1235 militum
1664 1175 1926 1236 videntur
1972 1188 2030 1236 et
2078 1179 2348 1236 tubarum

448 1294 615 1336 sono,
698 1277 778 1336 At
819 1295 956 1336 vero
999 1295 1134 1336 cum
1178 1276 1393 1354 aliquid
1435 1277 1763 1349 clementer,
1813 1285 2131 1347 mansuete,
2182 1276 2346 1346 iuste,

447 1374 762 1447 moderate,
808 1376 1095 1451 sapienter
1136 1374 1371 1446 factum,
1402 1375 1462 1432 in
1490 1374 1787 1433 iracundia
1815 1375 2168 1452 praesertim,
2198 1392 2351 1450 quae

447 1484 536 1532 est
577 1474 811 1532 inimica
851 1473 1111 1544 consilio,
1157 1483 1214 1532 et
1255 1474 1314 1531 in
1353 1474 1606 1544 victoria,
1651 1491 1803 1550 quae
1845 1483 2053 1531 natura
2094 1472 2353 1531 insolens

448 1581 505 1630 et
553 1573 803 1647 superba
845 1581 951 1642 est,
1004 1567 1158 1652 [aut]
1209 1571 1481 1630 audimus
1528 1583 1627 1630 aut
1671 1571 1935 1647 legimuS,
1986 1589 2105 1648 quo
2160 1570 2351 1630 studio

449 1669 813 1728 incendimur
872 1688 996 1728 non
1050 1670 1232 1729 modo
1288 1670 1348 1727 in
1407 1670 1585 1747 gestis
1640 1670 1833 1740 rebus,
1894 1671 1997 1728 sed
2059 1670 2235 1728 etiam
2290 1669 2351 1726 in

449 1768 613 1841 fictis,
655 1779 719 1827 ut
761 1787 865 1828 eos
907 1787 1099 1846 saepe,
1143 1788 1293 1848 quos
1335 1787 1660 1847 numquam
1700 1769 1966 1839 vidimus,
2010 1768 2351 1846 diligamus!

359 1872 422 1920 10
449 1866 542 1926 Te
583 1886 738 1940 vero,
769 1886 944 1944 quem
987 1879 1350 1944 praesentem
1392 1868 1695 1940 intuemur,
1730 1868 1892 1926 cuius
1931 1877 2190 1925 mentem
2218 1885 2351 1926 sen-

450 1985 661 2043 susque
691 1977 746 2025 et
773 1986 843 2026 os
872 1968 1179 2039 cernimus,
1208 1978 1287 2039 ut,
1318 1968 1597 2044 quicquid
1639 1968 1773 2026 belli
1801 1967 2030 2025 fortuna
2066 1967 2351 2045 reliquum

450 2065 533 2125 rei
574 2066 841 2143 publicae
881 2066 1091 2139 fecerit,
1123 2066 1184 2125 id
1225 2085 1353 2125 esse
1398 2066 1618 2125 salvum
1647 2066 1801 2133 velis,
1831 2067 2042 2143 quibus
2085 2065 2352 2124 laudibus

446 2164 772 2235 efferemus,
816 2165 1028 2242 quibus
1072 2165 1274 2224 studiis
1315 2182 1752 2242 prosequemur,
1797 2182 1915 2241 qua
1963 2164 2351 2223 benivolentia

449 2263 916 2339 conplectemurl
1003 2264 1273 2335 Parietes,
1318 2264 1545 2323 medius
1588 2263 1776 2334 fidius,
1818 2274 1881 2322 ut
1930 2263 2069 2321 mibi
2108 2263 2346 2333 videtur,

448 2362 618 2420 huius
661 2362 852 2421 curiae
896 2362 999 2420 tibi
1041 2364 1255 2439 gratias
1297 2381 1470 2439 agere
1499 2363 1768 2439 gestiunt,
1799 2362 1959 2439 quod
2002 2362 2161 2421 brevi
2203 2371 2350 2419 tem-

449 2478 592 2537 pore
622 2459 810 2518 futura
851 2460 924 2519 sit
963 2460 1058 2519 illa
1100 2462 1409 2520 auctoritas
1448 2461 1507 2518 in
1552 2461 1643 2520 his
1683 2461 1973 2520 maiorum
2016 2478 2254 2519 suorum
2295 2470 2353 2519 et

450 2558 567 2617 suis
611 2558 863 2617 sedibus,

543 2776 546 2779 .
649 2716 734 2779 (55
765 2730 786 2763 1
801 2715 964 2781 1-12).
1045 2716 1180 2765 Your
1180 2715 1328 2782 fame
1350 2716 1442 2765 has
1463 2716 1673 2775 reached
1694 2717 1761 2765 its
1780 2716 1947 2765 zenitlt
1968 2716 2153 2780 to-day.

529 2830 599 2888 4.
648 2832 938 2910 Equidem
1001 2854 1138 2894 cum
1203 2834 1271 2894 C.
1323 2833 1603 2907 Marcelli,
1661 2835 1764 2892 viri
1821 2835 2023 2912 optimi
2078 2845 2135 2894 et
2189 2829 2351 2894 com-

449 2933 814 2992 memorabili
881 2933 1092 3009 pietate
1161 2934 1418 3010 praediti,
1481 2933 1750 2992 lacrimas
1813 2933 1993 2992 modo
2048 2934 2351 2994 vobiscum

448 3030 720 3103 viderem,
781 3031 1043 3089 omnium
1100 3031 1512 3091 Marcellorum
1567 3050 1768 3089 meum
1823 3044 2024 3108 pectus
2073 3033 2351 3093 memoria

449 3129 694 3203 obfudit,
726 3130 937 3206 quibus
965 3138 1027 3187 tu
1066 3132 1239 3188 etiam
1278 3130 1522 3189 mortuis
1568 3129 1653 3190 M.
1687 3130 1968 3190 Marcello
2004 3140 2349 3191 conservato

449 3228 786 3304 dignitatem
831 3246 994 3286 suam
1036 3228 1331 3287 reddidisti
1359 3229 1895 3307 nobilissimamque
1929 3230 2203 3289 familiam
2231 3230 2350 3288 iam

360 3326 421 3374 11
453 3327 526 3385 ad
569 3344 789 3402 paucos
833 3325 1124 3385 redactam
1150 3346 1339 3405 paene
1382 3329 1457 3386 ab
1491 3328 1722 3386 interitu
1763 3329 2078 3387 vindicasti.
2167 3328 2348 3388 Hunc

451 3439 512 3487 tu
556 3425 729 3503 igitur
774 3425 928 3484 diem
971 3427 1084 3485 tuis
1129 3427 1399 3487 maximis
1448 3437 1503 3487 et
1545 3427 2059 3487 innumerabilibus
2101 3426 2349 3505 gratula-
