2727 3901
473 216 558 282 32
1024 211 1103 262 M.
1158 211 1384 262 TULLI
1428 211 1833 262 CICERONIS

602 369 845 418 ourselves
877 369 983 429 did,
1011 369 1136 419 with
1171 369 1260 418 less
1291 385 1481 431 excuse,
1512 376 1568 420 at
1602 371 1755 419 Rome
1773 387 1789 420 .·
1840 372 1900 420 in
1932 371 2178 436 defereme
2208 377 2255 421 to
2291 373 2373 420 tlte

604 451 797 500 Senate.
865 453 947 502 Hc
962 451 1121 502 heard
1129 451 1346 516 nothing
1360 468 1425 501 on
1438 468 1578 516 your
1597 453 1701 502 side
1721 453 1783 518 of
1793 453 1875 503 the
1896 454 2134 518 question.
2206 454 2256 518 (5
2288 468 2307 502 1
2322 454 2372 518 2)

602 534 814 598 Forgive
845 533 969 593 kim,
998 536 1041 585 C
1039 550 1196 595 aesar,
1222 533 1280 599 if
1289 533 1350 583 ke
1372 535 1540 584 bowed
1565 541 1614 584 to
1635 535 1717 584 the
1738 535 1999 598 authority
2019 536 2082 600 of
2091 538 2373 600 Pompeius,

598 617 776 666 second
793 617 850 665 in
871 623 1125 681 greatness
1155 617 1272 680 only
1303 625 1353 667 to
1363 617 1605 682 yourself.
1682 617 1733 681 (ξ
1766 617 1848 682 13)
1874 619 1958 668 Hc
1971 619 2157 682 joined
2181 618 2289 667 him
2314 619 2372 667 in

601 698 683 748 the
703 699 837 748 bour
856 699 918 764 «ff
922 699 1111 762 danger
1131 700 1309 748 rather
1346 701 1474 749 than
1506 699 1568 764 eff
1587 715 1767 748 success
1780 716 1805 760 ,·
1848 699 1983 764 after
2012 699 2296 749 Pharsalus
2313 699 2372 749 hc

600 781 690 845 lest
721 780 846 836 him.
869 781 1065 845 having
1077 781 1301 848 satigfied
1317 783 1400 831 his
1420 783 1703 832 conscience.
1768 781 2185 846 Thencefhnoard
2206 783 2256 845 (5
2288 781 2369 845 14)

599 863 659 913 he
679 863 980 928 servedyou,
1003 864 1115 912 and
1129 880 1235 913 was
1263 865 1463 914 saluted
1478 865 1538 928 by
1548 881 1654 928 you
1680 881 1738 914 as
1758 862 1914 929 king?

409 1061 438 1108 8
549 1057 617 1113 3.
660 1058 882 1117 Iratum
929 1067 989 1116 te
1034 1058 1155 1135 regi
1205 1056 1485 1118 Deiotaro
1531 1057 1703 1117 fuisse
1758 1075 1881 1116 non
1937 1067 2102 1117 erant
2158 1059 2367 1130 nescii,

464 1155 757 1215 adfectum
826 1155 984 1213 illum
1040 1156 1390 1232 quibusdam
1444 1155 1836 1216 incommodis
1901 1164 1957 1214 et
2014 1155 2369 1215 detrimentis

462 1264 700 1331 propter
748 1253 1136 1313 offensionem
1181 1255 1360 1312 animi
1415 1254 1497 1314 tui
1544 1254 1945 1325 meminerant,
2001 1264 2173 1330 teque
2230 1271 2367 1312 cum

462 1351 595 1411 huic
630 1353 855 1423 iratum,
885 1361 1005 1410 tum
1052 1352 1160 1411 sibi
1202 1353 1457 1412 amicum
1502 1371 1630 1412 esse
1672 1363 2083 1430 cognoverant,
2115 1370 2367 1429 cumque

462 1451 620 1527 apud
663 1431 851 1527 ipsum
887 1459 942 1510 te
986 1451 1058 1510 de
1101 1460 1201 1509 tuo
1229 1451 1485 1528 periculo
1514 1452 1785 1524 dicerent,
1815 1451 1939 1510 fore
1981 1451 2267 1527 putabant
2306 1460 2369 1508 ut

459 1550 519 1607 in
550 1550 880 1609 exulcerato
911 1548 1109 1607 animo
1136 1547 1300 1608 facile
1323 1545 1521 1608 fictum
1550 1551 1768 1609 crimen
1788 1549 2080 1609 insideret.
2165 1547 2365 1622 Quam

461 1648 540 1706 ob
567 1665 692 1706 rem
721 1645 832 1705 hoc
860 1664 972 1706 nos
1010 1647 1260 1723 primum
1299 1658 1477 1719 metu,
1509 1647 1739 1720 Caesar,
1770 1666 1872 1724 per
1914 1647 2089 1706 fidem
2132 1657 2191 1706 et
2222 1665 2362 1706 con-

462 1746 729 1805 stantiam
776 1755 833 1804 et
877 1745 1246 1806 clementiam
1293 1755 1457 1826 tuam
1505 1746 1703 1818 libera,
1752 1765 1827 1805 ne
1881 1745 2131 1805 residere
2186 1746 2248 1803 in
2304 1755 2361 1804 te

459 1843 638 1902 ullam
665 1854 887 1920 partem
916 1844 1248 1904 iracundiae
1277 1845 1657 1921 suspicemur.
1737 1843 1847 1902 Per
1868 1844 2165 1903 dexteram
2192 1844 2363 1902 istam

458 1953 515 2001 te
572 1960 695 2015 oro,
751 1962 931 2020 quam
978 1943 1100 2020 regi
1159 1942 1440 2003 Deiotaro
1494 1942 1709 2020 hospes
1764 1941 1980 2019 hospiti
2038 1943 2359 2019 porrexisti,

459 2040 647 2108 istam,
675 2039 932 2117 inquam,
952 2040 1251 2100 dexteram
1280 2059 1402 2099 non
1429 2036 1603 2122 [tam]
1628 2042 1687 2098 in
1710 2040 1873 2100 bellis
1902 2059 2011 2099 nec
2040 2041 2101 2098 in
2130 2041 2362 2117 proeliis

459 2155 639 2214 quam
682 2137 744 2195 in
784 2138 1080 2214 promissis
1123 2149 1181 2198 et
1224 2138 1336 2197 fide
1381 2139 1709 2197 firmiorem.
1792 2139 1892 2196 Tu
1925 2139 2076 2198 illius
2119 2139 2361 2197 domum

458 2236 616 2308 inire,
668 2245 732 2295 tu
776 2247 938 2297 vetus
986 2236 1306 2313 hospitium
1366 2255 1643 2295 renovare
1691 2236 1916 2296 voluisti
1936 2257 1953 2309 3
2012 2248 2067 2295 te
2124 2236 2247 2295 eius
2301 2236 2360 2293 di

457 2345 696 2411 penates
751 2345 1112 2412 acceperunt,
1169 2344 1227 2393 te
1276 2335 1531 2394 amicum
1586 2344 1645 2394 et
1696 2335 1989 2411 placatum
2043 2329 2357 2415 [Deiotari]

401 2452 428 2495 9
458 2434 610 2509 regis
659 2452 791 2492 arae
837 2433 1070 2510 focique
1119 2434 1401 2492 viderunt.
1488 2433 1641 2492 Cum
1685 2432 1853 2492 facile
1910 2434 2078 2504 orari,
2126 2432 2357 2503 Caesar,

458 2543 580 2591 tum
638 2532 816 2590 semel
870 2532 1096 2591 exorari
1154 2532 1322 2591 soleS.
1409 2530 1603 2590 Nemo
1667 2548 1949 2607 umquam
2007 2542 2063 2590 te
2117 2530 2360 2607 placavit

458 2630 744 2696 inimicus,
799 2629 899 2707 qui
954 2630 1099 2689 ullas
1155 2630 1437 2688 resedisse
1492 2629 1553 2686 in
1608 2617 1688 2687 te'
1721 2628 2022 2687 simultatis
2090 2627 2359 2705 reliquias

459 2728 720 2788 senserit.
806 2726 1181 2805 Quamquam
1237 2728 1329 2786 cui
1382 2742 1513 2785 sunt
1554 2726 1843 2785 inauditae
1900 2745 2035 2785 cum
2075 2724 2358 2785 Deiotaro

457 2826 745 2901 querellae
774 2827 946 2885 tuae?
1031 2824 1374 2903 Numquam
1398 2835 1458 2883 tu
1480 2824 1640 2883 illum
1664 2824 2000 2883 accusavisti
2030 2834 2091 2882 ut
2109 2822 2355 2895 hostem,

459 2924 563 2983 sed
590 2934 653 2981 ut
681 2924 938 2983 amicum
967 2924 1158 2983 officio
1185 2942 1393 3000 parurn
1422 2923 1697 2995 functum,
1727 2923 1888 3000 quod
1915 2922 2257 2999 propensior
2298 2924 2359 2980 in

458 3021 567 3082 Cn.
598 3021 844 3099 Pompei
882 3023 1195 3081 amicitiam
1217 3017 1438 3081 'fuisset
1480 3040 1657 3099 quam
1699 3021 1760 3078 in
1781 3031 1980 3093 tuam,
2026 3021 2120 3080 cui
2162 3031 2358 3080 tamen

456 3120 571 3196 ipsi
610 3120 690 3179 rei
732 3120 960 3179 veniam
1003 3130 1058 3178 te
1100 3119 1368 3178 daturum
1408 3119 1583 3178 fuisse
1626 3118 1875 3189 dicebas,
1906 3118 1954 3176 si
1997 3130 2119 3177 tum
2149 3118 2358 3177 auxilia

457 3216 741 3294 Pompeio
769 3217 857 3276 vel
903 3219 948 3277 si
989 3218 1162 3277 etiam
1204 3217 1386 3277 filium
1427 3218 1692 3289 misisset,
1722 3216 1844 3292 ipse
1874 3216 2074 3274 aetatis
2118 3234 2357 3274 excusa-

369 3315 614 3373 lotione
642 3335 783 3375 usus
825 3326 992 3377 esset.
1081 3315 1171 3374 Ita
1199 3334 1331 3375 cum
1374 3315 1645 3374 maximis
1674 3332 1809 3372 eum
1852 3314 2027 3372 rebus
2066 3313 2355 3383 liberareS‚

320 3431 429 3495 (10)
458 3430 799 3489 perparvam
856 3414 1138 3473 amicitiae
1195 3413 1427 3490 culpam
1482 3412 1864 3489 relinquebas
1973 3411 2178 3488 Itaque
2236 3429 2354 3469 non
