2727 3901
705 235 849 285 PRO
897 236 958 297 Q.
1003 235 1309 286 LIGARIO
1358 235 1653 288 ORATIO.
1746 223 1821 308 §§
1865 243 2016 307 4-9.
2098 301 2106 310 ,
2238 240 2313 307 17

415 393 632 467 magna
672 393 828 452 nulla
855 394 910 451 vi
952 403 1187 453 coactus
1229 393 1442 454 iudicio
1484 413 1555 454 ac
1589 395 1879 456 voluntate
1922 396 1998 455 ad
2039 415 2109 456 ea
2152 374 2316 456 arma

415 489 710 566 profectus
740 511 888 563 sum,
919 509 1068 569 quae
1097 503 1260 551 erant
1288 503 1521 570 sumpta
1550 504 1750 553 contra
1776 503 1851 552 te.
1932 493 2110 571 Apud
2138 513 2314 572 quem
2342 497 2421 564 (7)

415 588 586 664 igitur
613 589 725 648 hoc
755 590 929 649 dico?
1013 589 1244 666 Nempe
1281 590 1442 667 apud
1477 609 1631 664 eum,
1662 592 1761 669 qui
1800 611 1935 651 cum
1973 592 2087 652 hoc
2125 593 2311 665 sciret,

415 698 610 745 tamen
640 707 751 760 me,
780 698 1095 765 antequam
1116 688 1269 762 vidit,
1290 689 1374 748 rei
1400 689 1665 766 publicae
1692 690 1961 761 reddidit,
1984 691 2086 768 qui
2114 690 2191 750 ad
2217 709 2313 750 me

413 805 484 844 ex
515 786 788 863 Aegypto
818 787 1036 846 litteras
1064 787 1234 859 misit,
1265 795 1328 846 ut
1357 805 1549 846 essem
1582 788 1755 858 idem,
1786 789 1886 866 qui
1928 788 2183 860 fuissem,
2214 789 2315 867 qui

413 903 549 944 cum
577 885 703 962 ipse
731 886 1043 962 imperator
1076 886 1136 944 in
1175 895 1300 946 toto
1338 887 1581 963 imperio
1626 888 1824 964 populi
1867 886 2123 948 Romani
2160 905 2313 949 unus

413 993 585 1057 esset,
605 997 734 1042 esse
761 981 1128 1043 me'alterum
1157 1002 1363 1061 passus
1392 994 1497 1057 est,
1520 1003 1555 1044 a
1581 1003 1701 1063 quo
1729 985 1845 1045 hoc
1874 985 2004 1062 ipso
2032 971 2313 1046 C.'Pansa

370 1125 380 1134 .
411 1081 553 1139 mihi
582 1082 850 1140 nuntium
879 1081 1198 1158 perferente
1229 1101 1541 1142 concessos
1584 1081 1773 1142 fasces
1810 1083 2094 1142 laureatos
2135 1084 2309 1157 tenui,

412 1181 608 1258 quoad
635 1180 922 1239 tenendos
949 1181 1157 1258 putavi,
1191 1181 1291 1259 qui
1329 1181 1474 1239 mihi
1508 1191 1632 1240 tum
1675 1181 1925 1259 denique
1966 1199 2028 1240 se
2066 1181 2311 1240 salutem

410 1279 630 1354 putavit
677 1277 931 1349 reddere,
975 1279 1024 1338 si
1067 1296 1198 1337 eam
1241 1278 1413 1337 nullis
1462 1278 1768 1355 spoliatam
1811 1279 2166 1338 ornamentis
2210 1279 2309 1338 de·-

410 1375 603 1434 disset.
685 1375 855 1448 Vide,
885 1395 1117 1454 quaeso,
1149 1376 1412 1448 Tubero,
1446 1385 1528 1448 ut,
1569 1377 1671 1454 qui
1704 1376 1778 1436 de
1820 1394 1954 1436 meo
1992 1376 2144 1434 facto
2187 1395 2311 1436 non
2336 1387 2365 1435 8

411 1473 686 1544 dubitem,
729 1474 802 1533 de
851 1473 1050 1550 Ligari
1095 1493 1218 1533 non
1263 1475 1510 1534 audeam
1556 1474 1857 1534 confiteri..
1918 1474 2115 1552 Atque
2164 1473 2309 1533 haec

409 1581 717 1648 propterea
747 1573 819 1631 de
855 1591 949 1632 me
987 1574 1124 1644 dixi,
1153 1584 1217 1631 ut
1251 1573 1394 1631 mihi
1424 1574 1686 1644 Tubero,
1716 1590 1851 1662 cum
1891 1573 1965 1631 de
2004 1591 2068 1631 se
2102 1573 2309 1631 eadem

408 1669 676 1743 dicerem,
705 1671 1064 1748 ignosceret3
1107 1671 1269 1730 cuius
1297 1688 1412 1746 ego
1439 1669 1751 1730 industriae
1778 1670 2113 1747 gloriaeque
2140 1669 2306 1730 faveo

407 1768 499 1827 vel
568 1779 804 1846 propter
874 1769 1261 1846 propinquam
1315 1767 1750 1845 cognationem,
1805 1768 1896 1826 vel
1952 1767 2112 1846 quod
2182 1769 2307 1828 eius

406 1866 642 1943 ingenio
673 1867 988 1944 studiisque
1022 1866 1292 1937 delector,
1322 1865 1409 1924 vel
1448 1866 1611 1943 quod
1649 1865 1879 1924 laudern
1922 1865 2307 1925 adulescentis

408 1965 718 2044 propinqui
755 1966 1019 2026 existimo
1049 1966 1224 2025 etiam
1266 1966 1341 2023 ad
1384 1982 1582 2024 meum
1626 1963 1877 2041 aliquem
1920 1964 2170 2023 fructum
2214 1983 2304 2024 re-

407 2063 681 2122 dundare.
768 2062 884 2123 Sed
913 2063 1027 2123 hoc
1057 2080 1312 2141 quaero:
1356 2062 1508 2135 Quis
1534 2072 1699 2140 putat
1726 2080 1851 2121 esse
1882 2062 2102 2121 crimen
2128 2061 2304 2121 fuisse
2331 2081 2359 2125 9

406 2164 467 2220 in
508 2160 743 2222 Africa?
804 2161 1036 2238 Nempe
1078 2162 1143 2234 is,
1181 2162 1281 2238 qui
1324 2171 1381 2219 et
1423 2162 1547 2237 ipse
1589 2160 1650 2218 in
1692 2160 1899 2219 eadem
1942 2159 2141 2217 Africa
2175 2178 2302 2219 esse

405 2259 582 2318 voluit
609 2269 667 2318 et
696 2259 1047 2336 prohibitum
1087 2278 1150 2319 se
1179 2277 1214 2318 a
1243 2258 1481 2335 Ligario
1520 2260 1773 2335 queritur
1810 2268 1866 2317 et
1908 2266 2077 2317 certe·
2098 2268 2303 2317 contra

404 2359 594 2433 ipsum
645 2356 962 2417 Caesarem
1011 2366 1095 2416 est
1144 2374 1493 2432 congressus
1548 2366 1823 2415 armatus
1909 2355 2069 2428 Quid
2124 2356 2301 2427 enim,

405 2454 666 2529 Tuber0,
716 2464 849 2514 tuus
897 2455 991 2513 ille
1039 2454 1352 2513 destrictus
1400 2454 1461 2512 in
1510 2454 1634 2513 acie
1692 2453 2021 2512 Pharsalica
2076 2453 2304 2529 gladius

405 2555 653 2631 agebat?
711 2554 874 2613 cuius
916 2552 1062 2611 latus
1102 2553 1193 2611 ille
1236 2571 1439 2611 mucro
1482 2553 1756 2629 petebat?
1800 2552 1896 2629 qui
1940 2568 2145 2610 sensus
2180 2561 2303 2609 erat

405 2670 700 2711 armorum
743 2651 1014 2711 tuorum?
1071 2668 1222 2727 quae
1271 2660 1371 2708 tua
1412 2668 1597 2723 mens,
1644 2650 1811 2722 oculi,
1856 2667 2083 2721 manus,
2131 2648 2303 2707 ardor

403 2750 624 2809 animi?
693 2750 832 2826 quid
889 2749 1178 2825 cupiebaS‚
1237 2748 1379 2826 quid
1448 2749 1737 2824 optabas?
1837 2746 2029 2805 Nimis
2081 2764 2266 2822 urgeo
2284 2765 2299 2817 3

403 2848 760 2907 commoveri
788 2848 1011 2906 videtur
1039 2846 1395 2906 adulescens.
1477 2846 1574 2904 Ad
1617 2864 1713 2903 me
1756 2855 2018 2903 revertar.
2102 2843 2301 2903 Isdem

400 2947 460 3004 in
490 2946 662 3004 armis
688 2944 786 3003 fui.

401 3124 470 3173 11.
499 3124 582 3187 (ἐξ
621 3124 820 3186 10-16).
886 3126 941 3173 Jt
964 3126 1008 3173 is
1029 3140 1100 3173 an
1130 3124 1385 3173 inhuman
1408 3124 1598 3187 charge.
1680 3125 1781 3173 You
1803 3124 1907 3173 seek
1929 3130 2017 3173 not
2039 3123 2297 3186 Laejgurz'us'

531 3207 674 3267 exile,
699 3208 787 3256 but
807 3207 889 3255 his
909 3208 1162 3257 execution
1177 3222 1195 3256 .·
1228 3206 1413 3269 though
1425 3222 1533 3270 you
1562 3207 1621 3256 do
1651 3212 1739 3255 not
1759 3222 1831 3255 see
1862 3206 1943 3255 the
1960 3205 2082 3270 full
2098 3204 2229 3269 drzfl
2250 3206 2312 3269 qs

519 3306 660 3353 your
693 3292 870 3339 action.
952 3292 1008 3339 It
1041 3290 1086 3339 is
1118 3306 1239 3339 even
1283 3306 1418 3339 more
1460 3290 1678 3339 horrible
1713 3296 1761 3338 to
1796 3290 2033 3352 inter-cept
2075 3286 2299 3337 Caesar's

519 3373 720 3435 pardon
752 3388 817 3422 on
851 3372 917 3421 its
957 3388 1083 3436 way.
1165 3372 1281 3422 Nor
1317 3388 1410 3421 can
1438 3387 1545 3435 you
1582 3371 1737 3435 plead
1775 3370 1957 3434 loyalty
2000 3376 2049 3420 to
2084 3370 2192 3419 kim
2240 3371 2297 3418 in

528 3470 716 3505 excuse.

1329 3558 1365 3601 C
