2727 3901
789 832 928 953 Μ.
983 803 1318 952 Tem
1392 878 1994 953 CICERONIS

605 1081 846 1162 PRO
930 1029 1047 1190 Q(
1109 1082 1626 1164 LIGARIO
1710 1081 2201 1163 ORATIO.

1246 1354 1561 1382 -μ

449 1551 764 1598 Exordium
784 1550 868 1614 (ἐξ
891 1548 1024 1611 1-2).
1096 1550 1154 1610 Q.
1189 1549 1378 1599 Tubero
1400 1549 1491 1598 has
1511 1549 1717 1598 accused
1740 1550 1801 1611 ρ.
1824 1549 2071 1612 Ligarius
2091 1547 2154 1612 qf
2164 1535 2361 1610 having
2391 1531 2401 1541 ⁸

581 1631 696 1680 been
737 1632 795 1680 in
830 1630 1014 1695 Africa
1027 1646 1046 1678 .·
1102 1633 1156 1681 C.
1199 1634 1371 1680 Pansa
1407 1633 1499 1681 has
1536 1632 1782 1682 admitted
1815 1633 1873 1680 it.
1950 1632 2001 1680 T
1991 1631 2053 1680 he
2086 1631 2359 1696 defendant

565 1714 742 1777 pleads
756 1715 942 1777 guilty,
967 1714 1076 1762 and
1093 1715 1134 1762 I
1147 1715 1272 1764 have
1293 1721 1341 1763 to
1366 1717 1553 1778 appeal,
1586 1715 1783 1775 Caesar,
1810 1721 1860 1764 to
1870 1730 2010 1778 your
2030 1715 2284 1776 clemency.

393 1887 420 1932 1
533 1882 601 1943 1,
645 1875 879 1934 Novum
915 1875 1151 1946 crimen,
1187 1875 1254 1934 C.
1295 1875 1529 1946 Caesar,
1559 1886 1614 1934 et
1658 1887 1795 1934 ante
1837 1875 1991 1933 hunc
2034 1873 2187 1933 diem
2228 1891 2351 1932 non

448 1975 708 2033 auditum
750 1975 1112 2051 propinquus
1155 1992 1320 2033 meus
1361 1975 1438 2034 ad
1481 1985 1552 2047 te,
1599 1974 1677 2047 Q.
1710 1976 1973 2046 TuberO,
2019 1974 2236 2045 detulit,
2272 1972 2348 2046 Q.

449 2074 750 2151 Ligarium
789 2073 850 2131 in
889 2073 1088 2133 Africa
1130 2074 1322 2145 fuisse,
1360 2074 1535 2150 idque
1579 2074 1646 2133 C.
1677 2072 1883 2145 Pansa,
1912 2074 2227 2150 praestanti
2268 2074 2353 2129 vir

448 2172 705 2248 ingenio,
737 2170 912 2229 fretus
946 2172 1185 2231 fortasse
1222 2172 1601 2231 familiaritate
1640 2190 1726 2243 ea,
1758 2191 1907 2249 quae
1935 2183 2023 2231 est
2052 2172 2105 2231 ei
2136 2182 2346 2241 tecum,

446 2288 624 2329 ausus
679 2280 768 2329 est
821 2271 1098 2329 confiteri.
1209 2270 1432 2348 Itaque,
1489 2290 1607 2349 quo
1676 2289 1772 2329 me
1837 2280 2077 2341 vertam,
2133 2270 2348 2328 nescio.

448 2369 690 2428 Paratus
739 2369 896 2428 enim
945 2387 1236 2439 veneram,
1280 2386 1417 2427 cum
1462 2379 1524 2428 tu
1572 2369 1629 2427 id
1680 2388 1871 2446 neque
1915 2387 2019 2445 per
2070 2379 2125 2425 te
2170 2368 2348 2425 scires

447 2486 637 2545 neque
693 2467 889 2526 audire
945 2466 1179 2525 aliunde
1236 2468 1538 2543 potuisseS,
1590 2478 1654 2526 ut
1700 2468 2064 2543 ignoratione
2120 2474 2218 2523 tua
2272 2464 2347 2523 ad

446 2567 702 2626 hominis
730 2568 925 2626 miseri
954 2566 1196 2625 salutem
1225 2567 1511 2627 abuterer.
1596 2567 1713 2626 Sed
1741 2567 2021 2644 quoniam
2049 2565 2348 2641 diligentia

446 2665 666 2723 inimici
693 2662 1101 2741 investigatum
1129 2675 1233 2737 est,
1261 2666 1423 2742 quod
1465 2665 1693 2737 latebat,
1725 2662 2119 2724 confitendum
2148 2672 2255 2734 est,
2286 2671 2347 2720 ut

444 2756 671 2839 opinor,
703 2764 1040 2839 praesertim
1070 2782 1206 2822 cum
1235 2782 1402 2821 meus
1430 2764 1789 2822 necessarius
1818 2762 2009 2821 Pansa
2035 2760 2249 2832 fecerit,
2282 2771 2346 2818 ut

445 2860 506 2919 id
531 2860 818 2936 integrum
848 2860 963 2918 iam
999 2878 1123 2918 non
1163 2871 1331 2931 esset,
1360 2862 1692 2938 omissaque
1728 2859 2117 2921 controversia
2151 2860 2346 2919 omnis

444 2958 630 3016 oratio
659 2957 735 3016 ad
760 2957 1219 3016 misericordiam
1247 2969 1409 3017 tuam
1439 2957 1791 3019 conferenda
1819 2967 1925 3028 est,
1955 2977 2071 3035 qua
2114 2956 2345 3047 plurimi

445 3066 578 3114 sunt
619 3056 960 3128 conservati,
1005 3074 1141 3115 cum
1185 3076 1222 3115 a
1264 3068 1319 3116 te
1361 3076 1483 3117 non
1525 3057 1924 3116 liberationem
1972 3057 2197 3133 culpae,
2238 3056 2345 3115 sed

387 3170 416 3217 2
444 3154 614 3213 errati
640 3154 872 3213 veniam
899 3155 1381 3229 impetravissent.
1446 3154 1652 3214 Habes
1679 3155 1869 3231 igitur,
1901 3154 2161 3226 Tubero,
2184 3154 2346 3232 quod

442 3262 529 3311 est
571 3253 892 3311 accusatori
933 3253 1187 3311 maxime
1230 3253 1572 3329 optandum,
1612 3253 1987 3312 confitentem
2029 3270 2209 3325 reum,
2240 3253 2345 3311 sed

441 3361 637 3408 tamen
678 3349 791 3409 hoc
827 3351 1220 3423 confitentem,
1251 3370 1312 3410 se
1341 3351 1401 3409 in
1439 3369 1509 3409 ea
1545 3360 1710 3428 parte
1749 3350 1927 3411 fuisse
1968 3369 2086 3428 qua
2124 3360 2197 3422 te,
2228 3369 2343 3426 qua

439 3448 622 3506 virum
669 3449 830 3506 omni
877 3448 1048 3508 laude
1093 3448 1354 3524 dignum,
1399 3460 1625 3525 patrem
1673 3458 1853 3509 tuum.
1940 3450 2146 3527 Itaque
2186 3450 2345 3526 prius
