<?xml version="1.0" encoding="UTF-8"?>
<!DOCTYPE html PUBLIC "-//W3C//DTD XHTML 1.0 Transitional//EN"
    "http://www.w3.org/TR/xhtml1/DTD/xhtml1-transitional.dtd">
<html xmlns="http://www.w3.org/1999/xhtml" xml:lang="en" lang="en">
 <head>
  <title>
</title>
<meta http-equiv="Content-Type" content="text/html;charset=utf-8" />
  <meta name='ocr-system' content='tesseract 3.04.00' />
  <meta name='ocr-capabilities' content='ocr_page ocr_carea ocr_par ocr_line ocrx_word'/>
</head>
<body>
  <div class='ocr_page' id='page_1' title='image "./orationescaesar00fausgoog_0018.png"; bbox 0 0 2727 3901; ppageno 0'>
   <div class='ocr_carea' id='block_1_1' title="bbox 453 261 1807 313">
    <p class='ocr_par' dir='ltr' id='par_1_1' title="bbox 453 261 1807 313">
     <span class='ocr_line' id='line_1_1' title="bbox 453 261 1807 313; baseline 0.003 -5"><span class='ocrx_word' id='word_1_1' title='bbox 453 265 532 308; x_wconf 94' lang='lat'><strong>10</strong></span> <span class='ocrx_word' id='word_1_2' title='bbox 998 262 1080 312; x_wconf 89' lang='lat' dir='ltr'><strong>M.</strong></span> <span class='ocrx_word' id='word_1_3' title='bbox 1133 261 1357 311; x_wconf 84' lang='lat' dir='ltr'><em>TULLI</em></span> <span class='ocrx_word' id='word_1_4' title='bbox 1402 262 1807 313; x_wconf 87' lang='lat' dir='ltr'><em>CICERONIS</em></span> 
     </span>
    </p>
   </div>
   <div class='ocr_carea' id='block_1_2' title="bbox 356 419 2359 3545">
    <p class='ocr_par' dir='ltr' id='par_1_2' title="bbox 445 419 2353 796">
     <span class='ocr_line' id='line_1_2' title="bbox 445 419 2351 500; baseline 0.003 -23"><span class='ocrx_word' id='word_1_5' title='bbox 445 419 839 479; x_wconf 84' lang='lat' dir='ltr'><strong>maximorum</strong></span> <span class='ocrx_word' id='word_1_6' title='bbox 880 439 1140 497; x_wconf 89' lang='lat' dir='ltr'><strong>operum,</strong></span> <span class='ocrx_word' id='word_1_7' title='bbox 1169 432 1232 480; x_wconf 92' lang='lat' dir='ltr'><strong>ut</strong></span> <span class='ocrx_word' id='word_1_8' title='bbox 1269 421 1654 482; x_wconf 86' lang='lat' dir='ltr'><strong>fundamenta</strong></span> <span class='ocrx_word' id='word_1_9' title='bbox 1690 423 1970 495; x_wconf 89' lang='lat' dir='ltr'><strong>nondum,</strong></span> <span class='ocrx_word' id='word_1_10' title='bbox 2003 441 2154 500; x_wconf 93' lang='lat' dir='ltr'><strong>quae</strong></span> <span class='ocrx_word' id='word_1_11' title='bbox 2192 423 2351 500; x_wconf 88' lang='lat' dir='ltr'><strong>cogi-</strong></span> 
     </span>
     <span class='ocr_line' id='line_1_3' title="bbox 447 518 2351 590; baseline 0.002 -14"><span class='ocrx_word' id='word_1_12' title='bbox 447 531 552 590; x_wconf 81' lang='lat' dir='ltr'><strong>taS,</strong></span> <span class='ocrx_word' id='word_1_13' title='bbox 599 518 818 577; x_wconf 83' lang='lat' dir='ltr'><strong>ieceriS.</strong></span> <span class='ocrx_word' id='word_1_14' title='bbox 908 519 1026 578; x_wconf 90' lang='lat' dir='ltr'><strong>Hic</strong></span> <span class='ocrx_word' id='word_1_15' title='bbox 1073 530 1138 578; x_wconf 91' lang='lat' dir='ltr'><strong>tu</strong></span> <span class='ocrx_word' id='word_1_16' title='bbox 1192 521 1436 580; x_wconf 90' lang='lat' dir='ltr'><strong>modum</strong></span> <span class='ocrx_word' id='word_1_17' title='bbox 1492 521 1641 580; x_wconf 88' lang='lat' dir='ltr'><strong>vitae</strong></span> <span class='ocrx_word' id='word_1_18' title='bbox 1684 531 1820 580; x_wconf 93' lang='lat' dir='ltr'><strong>tuae</strong></span> <span class='ocrx_word' id='word_1_19' title='bbox 1870 539 1991 580; x_wconf 88' lang='lat' dir='ltr'><strong>non</strong></span> <span class='ocrx_word' id='word_1_20' title='bbox 2040 521 2223 581; x_wconf 87' lang='lat' dir='ltr'><strong>salute</strong></span> <span class='ocrx_word' id='word_1_21' title='bbox 2269 522 2351 580; x_wconf 87' lang='lat' dir='ltr'><strong>rei</strong></span> 
     </span>
     <span class='ocr_line' id='line_1_4' title="bbox 445 615 2352 694; baseline 0.002 -20"><span class='ocrx_word' id='word_1_22' title='bbox 445 615 724 692; x_wconf 88' lang='lat' dir='ltr'><strong>publicae,</strong></span> <span class='ocrx_word' id='word_1_23' title='bbox 772 616 875 675; x_wconf 89' lang='lat' dir='ltr'><strong>sed</strong></span> <span class='ocrx_word' id='word_1_24' title='bbox 922 618 1211 694; x_wconf 89' lang='lat' dir='ltr'><strong>aequitate</strong></span> <span class='ocrx_word' id='word_1_25' title='bbox 1265 619 1446 677; x_wconf 88' lang='lat' dir='ltr'><strong>animi</strong></span> <span class='ocrx_word' id='word_1_26' title='bbox 1495 618 1781 678; x_wconf 88' lang='lat' dir='ltr'><strong>definies?</strong></span> <span class='ocrx_word' id='word_1_27' title='bbox 1863 618 2042 691; x_wconf 88' lang='lat' dir='ltr'><strong>Quid,</strong></span> <span class='ocrx_word' id='word_1_28' title='bbox 2095 621 2143 679; x_wconf 90' lang='lat' dir='ltr'><strong>si</strong></span> <span class='ocrx_word' id='word_1_29' title='bbox 2197 618 2352 678; x_wconf 88' lang='lat' dir='ltr'><strong>istud</strong></span> 
     </span>
     <span class='ocr_line' id='line_1_5' title="bbox 448 710 2353 796; baseline 0.002 -24"><span class='ocrx_word' id='word_1_30' title='bbox 448 733 522 773; x_wconf 91' lang='lat' dir='ltr'><strong>ne</strong></span> <span class='ocrx_word' id='word_1_31' title='bbox 550 715 770 791; x_wconf 89' lang='lat' dir='ltr'><strong>gloriae</strong></span> <span class='ocrx_word' id='word_1_32' title='bbox 803 710 989 796; x_wconf 83' lang='lat' dir='ltr'><strong>[tuae]</strong></span> <span class='ocrx_word' id='word_1_33' title='bbox 1037 715 1270 792; x_wconf 90' lang='lat' dir='ltr'><strong>quidem</strong></span> <span class='ocrx_word' id='word_1_34' title='bbox 1313 717 1451 776; x_wconf 88' lang='lat' dir='ltr'><strong>satis</strong></span> <span class='ocrx_word' id='word_1_35' title='bbox 1493 718 1624 776; x_wconf 88' lang='lat' dir='ltr'><strong>est?</strong></span> <span class='ocrx_word' id='word_1_36' title='bbox 1666 718 1831 777; x_wconf 90' lang='lat' dir='ltr'><strong>cuius</strong></span> <span class='ocrx_word' id='word_1_37' title='bbox 1873 729 1929 776; x_wconf 91' lang='lat' dir='ltr'><strong>te</strong></span> <span class='ocrx_word' id='word_1_38' title='bbox 1972 735 2100 776; x_wconf 91' lang='lat' dir='ltr'><strong>esse</strong></span> <span class='ocrx_word' id='word_1_39' title='bbox 2144 718 2353 776; x_wconf 90' lang='lat' dir='ltr'><strong>avidis-</strong></span> 
     </span>
    </p>

    <p class='ocr_par' dir='ltr' id='par_1_3' title="bbox 356 813 2357 1873">
     <span class='ocr_line' id='line_1_6' title="bbox 356 813 2352 892; baseline 0.001 -20"><span class='ocrx_word' id='word_1_40' title='bbox 356 824 419 872; x_wconf 84' lang='lat'><strong>26</strong></span> <span class='ocrx_word' id='word_1_41' title='bbox 447 813 676 886; x_wconf 90' lang='lat' dir='ltr'><strong>simum,</strong></span> <span class='ocrx_word' id='word_1_42' title='bbox 735 814 1000 890; x_wconf 87' lang='lat' dir='ltr'><strong>quamvis</strong></span> <span class='ocrx_word' id='word_1_43' title='bbox 1055 815 1136 873; x_wconf 93' lang='lat' dir='ltr'><strong>sis</strong></span> <span class='ocrx_word' id='word_1_44' title='bbox 1191 815 1443 891; x_wconf 89' lang='lat' dir='ltr'><strong>sapiens,</strong></span> <span class='ocrx_word' id='word_1_45' title='bbox 1491 833 1615 874; x_wconf 88' lang='lat' dir='ltr'><strong>non</strong></span> <span class='ocrx_word' id='word_1_46' title='bbox 1672 815 1935 892; x_wconf 77' lang='lat' dir='ltr'><strong>negabis,</strong></span> <span class='ocrx_word' id='word_1_47' title='bbox 2018 821 2035 846; x_wconf 89' lang='lat'>‘</span> <span class='ocrx_word' id='word_1_48' title='bbox 2059 814 2352 875; x_wconf 88' lang='lat' dir='ltr'>Parumne</span> 
     </span>
     <span class='ocr_line' id='line_1_7' title="bbox 446 908 2353 990; baseline 0.001 -22"><span class='ocrx_word' id='word_1_49' title='bbox 446 908 651 987; x_wconf 88' lang='lat' dir='ltr'><strong>igitur,’</strong></span> <span class='ocrx_word' id='word_1_50' title='bbox 687 910 930 988; x_wconf 79' lang='lat' dir='ltr'><strong>inquies,</strong></span> <span class='ocrx_word' id='word_1_51' title='bbox 960 916 976 942; x_wconf 87' lang='lat'>‘</span> <span class='ocrx_word' id='word_1_52' title='bbox 998 930 1216 989; x_wconf 88' lang='lat' dir='ltr'><strong>magna</strong></span> <span class='ocrx_word' id='word_1_53' title='bbox 1256 913 1647 990; x_wconf 84' lang='lat' dir='ltr'><strong>relinquemus</strong></span> <span class='ocrx_word' id='word_1_54' title='bbox 1665 915 1686 972; x_wconf 87' lang='lat'>?</span> <span class='ocrx_word' id='word_1_55' title='bbox 1706 910 1721 934; x_wconf 88' lang='lat'>&#39;</span> <span class='ocrx_word' id='word_1_56' title='bbox 1806 913 2003 973; x_wconf 89' lang='lat' dir='ltr'><strong>Immo</strong></span> <span class='ocrx_word' id='word_1_57' title='bbox 2044 931 2187 972; x_wconf 91' lang='lat' dir='ltr'><strong>vero</strong></span> <span class='ocrx_word' id='word_1_58' title='bbox 2228 911 2353 971; x_wconf 89' lang='lat' dir='ltr'><strong>aliis</strong></span> 
     </span>
     <span class='ocr_line' id='line_1_8' title="bbox 447 1009 2353 1088; baseline 0.001 -22"><span class='ocrx_word' id='word_1_59' title='bbox 447 1009 710 1087; x_wconf 89' lang='lat' dir='ltr'><strong>quamvis</strong></span> <span class='ocrx_word' id='word_1_60' title='bbox 739 1010 932 1068; x_wconf 86' lang='lat' dir='ltr'><strong>multis</strong></span> <span class='ocrx_word' id='word_1_61' title='bbox 963 1011 1120 1081; x_wconf 84' lang='lat' dir='ltr'><strong>satiS,</strong></span> <span class='ocrx_word' id='word_1_62' title='bbox 1146 1011 1247 1069; x_wconf 90' lang='lat' dir='ltr'><strong>tibi</strong></span> <span class='ocrx_word' id='word_1_63' title='bbox 1283 1012 1385 1069; x_wconf 90' lang='lat' dir='ltr'><strong>uni</strong></span> <span class='ocrx_word' id='word_1_64' title='bbox 1418 1029 1641 1088; x_wconf 86' lang='lat' dir='ltr'><strong>parum.</strong></span> <span class='ocrx_word' id='word_1_65' title='bbox 1726 1010 2025 1088; x_wconf 89' lang='lat' dir='ltr'>Quicquid</span> <span class='ocrx_word' id='word_1_66' title='bbox 2054 1021 2141 1070; x_wconf 88' lang='lat' dir='ltr'><strong>est</strong></span> <span class='ocrx_word' id='word_1_67' title='bbox 2177 1011 2353 1083; x_wconf 89' lang='lat' dir='ltr'><strong>enim,</strong></span> 
     </span>
     <span class='ocr_line' id='line_1_9' title="bbox 446 1107 2351 1186; baseline 0 -20"><span class='ocrx_word' id='word_1_68' title='bbox 446 1107 711 1186; x_wconf 87' lang='lat' dir='ltr'><strong>quamvis</strong></span> <span class='ocrx_word' id='word_1_69' title='bbox 753 1108 1014 1184; x_wconf 89' lang='lat' dir='ltr'><strong>amplum</strong></span> <span class='ocrx_word' id='word_1_70' title='bbox 1057 1110 1150 1180; x_wconf 89' lang='lat' dir='ltr'><strong>sit,</strong></span> <span class='ocrx_word' id='word_1_71' title='bbox 1179 1108 1238 1167; x_wconf 90' lang='lat' dir='ltr'><strong>id</strong></span> <span class='ocrx_word' id='word_1_72' title='bbox 1282 1121 1369 1168; x_wconf 89' lang='lat' dir='ltr'><strong>est</strong></span> <span class='ocrx_word' id='word_1_73' title='bbox 1409 1128 1618 1186; x_wconf 90' lang='lat' dir='ltr'><strong>parum</strong></span> <span class='ocrx_word' id='word_1_74' title='bbox 1660 1119 1804 1181; x_wconf 89' lang='lat' dir='ltr'><strong>tum,</strong></span> <span class='ocrx_word' id='word_1_75' title='bbox 1837 1128 1970 1168; x_wconf 88' lang='lat' dir='ltr'><strong>cum</strong></span> <span class='ocrx_word' id='word_1_76' title='bbox 1999 1119 2088 1168; x_wconf 91' lang='lat' dir='ltr'><strong>est</strong></span> <span class='ocrx_word' id='word_1_77' title='bbox 2128 1108 2351 1186; x_wconf 89' lang='lat' dir='ltr'><strong>aliquid</strong></span> 
     </span>
     <span class='ocr_line' id='line_1_10' title="bbox 445 1205 2351 1283; baseline 0.001 -19"><span class='ocrx_word' id='word_1_78' title='bbox 445 1205 708 1283; x_wconf 89' lang='lat' dir='ltr'><strong>amplius.</strong></span> <span class='ocrx_word' id='word_1_79' title='bbox 795 1205 1027 1278; x_wconf 87' lang='lat' dir='ltr'><strong>Quodsi</strong></span> <span class='ocrx_word' id='word_1_80' title='bbox 1069 1225 1260 1266; x_wconf 87' lang='lat' dir='ltr'><strong>rerum</strong></span> <span class='ocrx_word' id='word_1_81' title='bbox 1300 1218 1529 1266; x_wconf 88' lang='lat' dir='ltr'><strong>tuarum</strong></span> <span class='ocrx_word' id='word_1_82' title='bbox 1572 1208 1984 1279; x_wconf 85' lang='lat' dir='ltr'><strong>inmortalium,</strong></span> <span class='ocrx_word' id='word_1_83' title='bbox 2016 1207 2087 1266; x_wconf 90' lang='lat' dir='ltr'><strong>C.</strong></span> <span class='ocrx_word' id='word_1_84' title='bbox 2116 1206 2351 1278; x_wconf 88' lang='lat' dir='ltr'><strong>Caesar,</strong></span> 
     </span>
     <span class='ocr_line' id='line_1_11' title="bbox 445 1303 2349 1382; baseline 0 -21"><span class='ocrx_word' id='word_1_85' title='bbox 445 1305 538 1364; x_wconf 94' lang='lat' dir='ltr'><strong>hic</strong></span> <span class='ocrx_word' id='word_1_86' title='bbox 580 1305 767 1364; x_wconf 87' lang='lat' dir='ltr'><strong>exitus</strong></span> <span class='ocrx_word' id='word_1_87' title='bbox 807 1305 1031 1364; x_wconf 89' lang='lat' dir='ltr'><strong>futurus</strong></span> <span class='ocrx_word' id='word_1_88' title='bbox 1072 1305 1195 1378; x_wconf 87' lang='lat' dir='ltr'><strong>fuit,</strong></span> <span class='ocrx_word' id='word_1_89' title='bbox 1225 1317 1289 1365; x_wconf 91' lang='lat' dir='ltr'><strong>ut</strong></span> <span class='ocrx_word' id='word_1_90' title='bbox 1332 1307 1569 1366; x_wconf 90' lang='lat' dir='ltr'><strong>devictis</strong></span> <span class='ocrx_word' id='word_1_91' title='bbox 1612 1305 1953 1366; x_wconf 87' lang='lat' dir='ltr'><strong>adversariis</strong></span> <span class='ocrx_word' id='word_1_92' title='bbox 1994 1313 2120 1364; x_wconf 89' lang='lat' dir='ltr'><strong>rem</strong></span> <span class='ocrx_word' id='word_1_93' title='bbox 2161 1303 2349 1382; x_wconf 91' lang='lat' dir='ltr'><strong>publi-</strong></span> 
     </span>
     <span class='ocr_line' id='line_1_12' title="bbox 447 1403 2351 1482; baseline -0.001 -20"><span class='ocrx_word' id='word_1_94' title='bbox 447 1422 579 1462; x_wconf 85' lang='lat' dir='ltr'><strong>cam</strong></span> <span class='ocrx_word' id='word_1_95' title='bbox 636 1405 696 1462; x_wconf 93' lang='lat' dir='ltr'><strong>in</strong></span> <span class='ocrx_word' id='word_1_96' title='bbox 751 1423 824 1464; x_wconf 94' lang='lat' dir='ltr'><strong>eo</strong></span> <span class='ocrx_word' id='word_1_97' title='bbox 887 1414 1037 1464; x_wconf 86' lang='lat' dir='ltr'><strong>statu</strong></span> <span class='ocrx_word' id='word_1_98' title='bbox 1102 1405 1473 1482; x_wconf 83' lang='lat' dir='ltr'><strong>relinquereS,</strong></span> <span class='ocrx_word' id='word_1_99' title='bbox 1532 1406 1592 1463; x_wconf 90' lang='lat' dir='ltr'><strong>in</strong></span> <span class='ocrx_word' id='word_1_100' title='bbox 1649 1423 1767 1482; x_wconf 94' lang='lat' dir='ltr'><strong>quo</strong></span> <span class='ocrx_word' id='word_1_101' title='bbox 1826 1423 1981 1463; x_wconf 88' lang='lat' dir='ltr'><strong>nunc</strong></span> <span class='ocrx_word' id='word_1_102' title='bbox 2039 1414 2145 1475; x_wconf 90' lang='lat' dir='ltr'><strong>est,</strong></span> <span class='ocrx_word' id='word_1_103' title='bbox 2204 1403 2351 1474; x_wconf 91' lang='lat' dir='ltr'><strong>vide,</strong></span> 
     </span>
     <span class='ocr_line' id='line_1_13' title="bbox 447 1501 2355 1579; baseline -0.002 -19"><span class='ocrx_word' id='word_1_104' title='bbox 447 1521 685 1579; x_wconf 78' lang='lat' dir='ltr'><strong>quaese,</strong></span> <span class='ocrx_word' id='word_1_105' title='bbox 715 1521 789 1562; x_wconf 89' lang='lat' dir='ltr'><strong>ne</strong></span> <span class='ocrx_word' id='word_1_106' title='bbox 819 1515 918 1561; x_wconf 89' lang='lat' dir='ltr'><strong>tua</strong></span> <span class='ocrx_word' id='word_1_107' title='bbox 946 1502 1140 1561; x_wconf 83' lang='lat' dir='ltr'><strong>divina</strong></span> <span class='ocrx_word' id='word_1_108' title='bbox 1167 1503 1344 1561; x_wconf 90' lang='lat' dir='ltr'><strong>virtus</strong></span> <span class='ocrx_word' id='word_1_109' title='bbox 1374 1503 1772 1562; x_wconf 84' lang='lat' dir='ltr'><strong>admirationis</strong></span> <span class='ocrx_word' id='word_1_110' title='bbox 1809 1503 1941 1579; x_wconf 88' lang='lat' dir='ltr'><strong>plus</strong></span> <span class='ocrx_word' id='word_1_111' title='bbox 1981 1503 2053 1562; x_wconf 88' lang='lat' dir='ltr'><strong>sit</strong></span> <span class='ocrx_word' id='word_1_112' title='bbox 2088 1501 2355 1561; x_wconf 87' lang='lat' dir='ltr'><strong>habitura</strong></span> 
     </span>
     <span class='ocr_line' id='line_1_14' title="bbox 447 1601 2355 1678; baseline -0.001 -19"><span class='ocrx_word' id='word_1_113' title='bbox 447 1620 628 1677; x_wconf 91' lang='lat' dir='ltr'><strong>quam</strong></span> <span class='ocrx_word' id='word_1_114' title='bbox 668 1601 907 1677; x_wconf 86' lang='lat' dir='ltr'><strong>gloriae,</strong></span> <span class='ocrx_word' id='word_1_115' title='bbox 950 1601 1238 1678; x_wconf 86' lang='lat' dir='ltr'><strong>siquidem</strong></span> <span class='ocrx_word' id='word_1_116' title='bbox 1280 1601 1469 1677; x_wconf 86' lang='lat' dir='ltr'><strong>gloria</strong></span> <span class='ocrx_word' id='word_1_117' title='bbox 1508 1611 1594 1660; x_wconf 93' lang='lat' dir='ltr'><strong>est</strong></span> <span class='ocrx_word' id='word_1_118' title='bbox 1635 1601 1891 1659; x_wconf 88' lang='lat' dir='ltr'><strong>inlustris</strong></span> <span class='ocrx_word' id='word_1_119' title='bbox 1931 1620 2001 1660; x_wconf 93' lang='lat' dir='ltr'><strong>ac</strong></span> <span class='ocrx_word' id='word_1_120' title='bbox 2045 1610 2355 1678; x_wconf 85' lang='lat' dir='ltr'><strong>pervagata</strong></span> 
     </span>
     <span class='ocr_line' id='line_1_15' title="bbox 447 1697 2357 1776; baseline 0 -20"><span class='ocrx_word' id='word_1_121' title='bbox 447 1717 794 1775; x_wconf 89' lang='lat' dir='ltr'><strong>magnorum</strong></span> <span class='ocrx_word' id='word_1_122' title='bbox 837 1698 924 1758; x_wconf 90' lang='lat' dir='ltr'><strong>vel</strong></span> <span class='ocrx_word' id='word_1_123' title='bbox 967 1700 1027 1757; x_wconf 89' lang='lat' dir='ltr'><strong>in</strong></span> <span class='ocrx_word' id='word_1_124' title='bbox 1069 1718 1208 1758; x_wconf 88' lang='lat' dir='ltr'><strong>suos</strong></span> <span class='ocrx_word' id='word_1_125' title='bbox 1251 1700 1403 1758; x_wconf 92' lang='lat' dir='ltr'><strong>cives</strong></span> <span class='ocrx_word' id='word_1_126' title='bbox 1431 1700 1522 1759; x_wconf 88' lang='lat' dir='ltr'><strong>vel</strong></span> <span class='ocrx_word' id='word_1_127' title='bbox 1563 1700 1623 1758; x_wconf 87' lang='lat' dir='ltr'><strong>in</strong></span> <span class='ocrx_word' id='word_1_128' title='bbox 1664 1699 1912 1776; x_wconf 87' lang='lat' dir='ltr'><strong>patriam</strong></span> <span class='ocrx_word' id='word_1_129' title='bbox 1940 1697 2030 1758; x_wconf 92' lang='lat' dir='ltr'><strong>vel</strong></span> <span class='ocrx_word' id='word_1_130' title='bbox 2072 1699 2134 1756; x_wconf 89' lang='lat' dir='ltr'><strong>in</strong></span> <span class='ocrx_word' id='word_1_131' title='bbox 2174 1716 2357 1757; x_wconf 88' lang='lat' dir='ltr'><strong>omne</strong></span> 
     </span>
     <span class='ocr_line' id='line_1_16' title="bbox 448 1785 1537 1873; baseline 0 -17"><span class='ocrx_word' id='word_1_132' title='bbox 448 1816 633 1873; x_wconf 89' lang='lat' dir='ltr'><strong>genus</strong></span> <span class='ocrx_word' id='word_1_133' title='bbox 662 1797 966 1856; x_wconf 89' lang='lat' dir='ltr'><strong>hominum</strong></span> <span class='ocrx_word' id='word_1_134' title='bbox 995 1795 1152 1856; x_wconf 88' lang='lat' dir='ltr'><strong>fama</strong></span> <span class='ocrx_word' id='word_1_135' title='bbox 1182 1785 1537 1857; x_wconf 81' lang='lat' dir='ltr'><strong>meritorum.</strong></span> 
     </span>
    </p>

    <p class='ocr_par' dir='ltr' id='par_1_4' title="bbox 359 1894 2359 2857">
     <span class='ocr_line' id='line_1_17' title="bbox 359 1894 2354 1974; baseline -0.003 -16"><span class='ocrx_word' id='word_1_136' title='bbox 359 1910 419 1964; x_wconf 87' lang='lat'><strong>27</strong></span> <span class='ocrx_word' id='word_1_137' title='bbox 531 1895 599 1950; x_wconf 79' lang='lat'><strong>9.</strong></span> <span class='ocrx_word' id='word_1_138' title='bbox 644 1895 813 1956; x_wconf 88' lang='lat' dir='ltr'><strong>Haec</strong></span> <span class='ocrx_word' id='word_1_139' title='bbox 859 1896 1028 1974; x_wconf 84' lang='lat' dir='ltr'><strong>igitur</strong></span> <span class='ocrx_word' id='word_1_140' title='bbox 1069 1896 1172 1955; x_wconf 89' lang='lat' dir='ltr'><strong>tibi</strong></span> <span class='ocrx_word' id='word_1_141' title='bbox 1215 1896 1436 1974; x_wconf 86' lang='lat' dir='ltr'><strong>reliqua</strong></span> <span class='ocrx_word' id='word_1_142' title='bbox 1476 1914 1611 1973; x_wconf 87' lang='lat' dir='ltr'><strong>pars</strong></span> <span class='ocrx_word' id='word_1_143' title='bbox 1655 1905 1760 1968; x_wconf 89' lang='lat' dir='ltr'><strong>est,</strong></span> <span class='ocrx_word' id='word_1_144' title='bbox 1808 1894 1899 1955; x_wconf 89' lang='lat' dir='ltr'><strong>hic</strong></span> <span class='ocrx_word' id='word_1_145' title='bbox 1948 1904 2124 1955; x_wconf 90' lang='lat' dir='ltr'><strong>restat</strong></span> <span class='ocrx_word' id='word_1_146' title='bbox 2171 1905 2354 1966; x_wconf 88' lang='lat' dir='ltr'><strong>actus,</strong></span> 
     </span>
     <span class='ocr_line' id='line_1_18' title="bbox 449 1994 2353 2072; baseline -0.001 -20"><span class='ocrx_word' id='word_1_147' title='bbox 449 1996 508 2053; x_wconf 91' lang='lat' dir='ltr'><strong>in</strong></span> <span class='ocrx_word' id='word_1_148' title='bbox 563 1995 679 2053; x_wconf 91' lang='lat' dir='ltr'><strong>hoc</strong></span> <span class='ocrx_word' id='word_1_149' title='bbox 734 1994 1159 2053; x_wconf 86' lang='lat' dir='ltr'><strong>elaborandum</strong></span> <span class='ocrx_word' id='word_1_150' title='bbox 1212 2006 1314 2068; x_wconf 89' lang='lat' dir='ltr'><strong>est,</strong></span> <span class='ocrx_word' id='word_1_151' title='bbox 1377 2004 1441 2052; x_wconf 89' lang='lat' dir='ltr'><strong>ut</strong></span> <span class='ocrx_word' id='word_1_152' title='bbox 1484 2013 1608 2052; x_wconf 89' lang='lat' dir='ltr'><strong>rem</strong></span> <span class='ocrx_word' id='word_1_153' title='bbox 1664 1994 1960 2072; x_wconf 85' lang='lat' dir='ltr'><strong>publicam</strong></span> <span class='ocrx_word' id='word_1_154' title='bbox 2015 1994 2353 2063; x_wconf 83' lang='lat' dir='ltr'><strong>constituaS,</strong></span> 
     </span>
     <span class='ocr_line' id='line_1_19' title="bbox 450 2093 2353 2171; baseline 0 -20"><span class='ocrx_word' id='word_1_155' title='bbox 450 2112 634 2171; x_wconf 88' lang='lat' dir='ltr'><strong>eaque</strong></span> <span class='ocrx_word' id='word_1_156' title='bbox 689 2104 752 2151; x_wconf 89' lang='lat' dir='ltr'><strong>tu</strong></span> <span class='ocrx_word' id='word_1_157' title='bbox 809 2094 870 2151; x_wconf 91' lang='lat' dir='ltr'><strong>in</strong></span> <span class='ocrx_word' id='word_1_158' title='bbox 924 2094 1123 2171; x_wconf 87' lang='lat' dir='ltr'><strong>primis</strong></span> <span class='ocrx_word' id='word_1_159' title='bbox 1179 2111 1413 2152; x_wconf 87' lang='lat' dir='ltr'><strong>summa</strong></span> <span class='ocrx_word' id='word_1_160' title='bbox 1467 2093 1873 2170; x_wconf 86' lang='lat' dir='ltr'><strong>tranquillitate</strong></span> <span class='ocrx_word' id='word_1_161' title='bbox 1930 2104 1988 2151; x_wconf 91' lang='lat' dir='ltr'><strong>et</strong></span> <span class='ocrx_word' id='word_1_162' title='bbox 2044 2093 2165 2151; x_wconf 90' lang='lat' dir='ltr'><strong>otio</strong></span> <span class='ocrx_word' id='word_1_163' title='bbox 2222 2110 2353 2169; x_wconf 89' lang='lat' dir='ltr'><strong>per-</strong></span> 
     </span>
     <span class='ocr_line' id='line_1_20' title="bbox 450 2190 2355 2268; baseline -0.001 -19"><span class='ocrx_word' id='word_1_164' title='bbox 450 2192 677 2263; x_wconf 85' lang='lat' dir='ltr'><strong>fruare3</strong></span> <span class='ocrx_word' id='word_1_165' title='bbox 735 2202 861 2250; x_wconf 91' lang='lat' dir='ltr'><strong>tum</strong></span> <span class='ocrx_word' id='word_1_166' title='bbox 916 2202 988 2263; x_wconf 90' lang='lat' dir='ltr'><strong>te,</strong></span> <span class='ocrx_word' id='word_1_167' title='bbox 1035 2192 1082 2251; x_wconf 90' lang='lat' dir='ltr'><strong>si</strong></span> <span class='ocrx_word' id='word_1_168' title='bbox 1131 2190 1308 2264; x_wconf 83' lang='lat' dir='ltr'><strong>voleS‚</strong></span> <span class='ocrx_word' id='word_1_169' title='bbox 1370 2209 1506 2250; x_wconf 89' lang='lat' dir='ltr'><strong>cum</strong></span> <span class='ocrx_word' id='word_1_170' title='bbox 1556 2203 1613 2249; x_wconf 91' lang='lat' dir='ltr'><strong>et</strong></span> <span class='ocrx_word' id='word_1_171' title='bbox 1657 2191 1892 2267; x_wconf 85' lang='lat' dir='ltr'><strong>patriae,</strong></span> <span class='ocrx_word' id='word_1_172' title='bbox 1936 2190 2098 2268; x_wconf 92' lang='lat' dir='ltr'><strong>quod</strong></span> <span class='ocrx_word' id='word_1_173' title='bbox 2155 2190 2355 2261; x_wconf 83' lang='lat' dir='ltr'><strong>debeS,</strong></span> 
     </span>
     <span class='ocr_line' id='line_1_21' title="bbox 452 2288 2353 2367; baseline -0.002 -18"><span class='ocrx_word' id='word_1_174' title='bbox 452 2290 688 2349; x_wconf 88' lang='lat' dir='ltr'><strong>solveris</strong></span> <span class='ocrx_word' id='word_1_175' title='bbox 738 2302 794 2349; x_wconf 90' lang='lat' dir='ltr'><strong>et</strong></span> <span class='ocrx_word' id='word_1_176' title='bbox 839 2300 1106 2348; x_wconf 84' lang='lat' dir='ltr'><strong>naturam</strong></span> <span class='ocrx_word' id='word_1_177' title='bbox 1159 2290 1352 2367; x_wconf 89' lang='lat' dir='ltr'><strong>ipsam</strong></span> <span class='ocrx_word' id='word_1_178' title='bbox 1411 2288 1735 2365; x_wconf 85' lang='lat' dir='ltr'><strong>expleveris</strong></span> <span class='ocrx_word' id='word_1_179' title='bbox 1791 2289 2050 2347; x_wconf 89' lang='lat' dir='ltr'><strong>satietate</strong></span> <span class='ocrx_word' id='word_1_180' title='bbox 2104 2288 2353 2359; x_wconf 90' lang='lat' dir='ltr'><strong>vivendi,</strong></span> 
     </span>
     <span class='ocr_line' id='line_1_22' title="bbox 451 2385 2355 2465; baseline -0.002 -18"><span class='ocrx_word' id='word_1_181' title='bbox 451 2388 588 2447; x_wconf 89' lang='lat' dir='ltr'><strong>satis</strong></span> <span class='ocrx_word' id='word_1_182' title='bbox 618 2388 715 2446; x_wconf 92' lang='lat' dir='ltr'><strong>diu</strong></span> <span class='ocrx_word' id='word_1_183' title='bbox 743 2389 950 2447; x_wconf 86' lang='lat' dir='ltr'><strong>vixisse</strong></span> <span class='ocrx_word' id='word_1_184' title='bbox 979 2387 1173 2446; x_wconf 89' lang='lat' dir='ltr'><strong>dicito.</strong></span> <span class='ocrx_word' id='word_1_185' title='bbox 1257 2386 1417 2459; x_wconf 87' lang='lat' dir='ltr'><strong>Quid</strong></span> <span class='ocrx_word' id='word_1_186' title='bbox 1446 2387 1603 2445; x_wconf 88' lang='lat' dir='ltr'><strong>enim</strong></span> <span class='ocrx_word' id='word_1_187' title='bbox 1631 2397 1719 2446; x_wconf 88' lang='lat' dir='ltr'><strong>est</strong></span> <span class='ocrx_word' id='word_1_188' title='bbox 1747 2387 1991 2446; x_wconf 88' lang='lat' dir='ltr'><strong>omnino</strong></span> <span class='ocrx_word' id='word_1_189' title='bbox 2018 2385 2132 2446; x_wconf 89' lang='lat' dir='ltr'><strong>hoc</strong></span> <span class='ocrx_word' id='word_1_190' title='bbox 2162 2388 2355 2465; x_wconf 88' lang='lat' dir='ltr'><strong>ipsum</strong></span> 
     </span>
     <span class='ocr_line' id='line_1_23' title="bbox 449 2484 2356 2563; baseline -0.002 -18"><span class='ocrx_word' id='word_1_191' title='bbox 449 2487 568 2558; x_wconf 92' lang='lat' dir='ltr'><strong>diu,</strong></span> <span class='ocrx_word' id='word_1_192' title='bbox 620 2488 679 2545; x_wconf 89' lang='lat' dir='ltr'><strong>in</strong></span> <span class='ocrx_word' id='word_1_193' title='bbox 729 2505 848 2563; x_wconf 93' lang='lat' dir='ltr'><strong>quo</strong></span> <span class='ocrx_word' id='word_1_194' title='bbox 893 2495 982 2545; x_wconf 90' lang='lat' dir='ltr'><strong>est</strong></span> <span class='ocrx_word' id='word_1_195' title='bbox 1027 2484 1244 2563; x_wconf 90' lang='lat' dir='ltr'><strong>aliquid</strong></span> <span class='ocrx_word' id='word_1_196' title='bbox 1299 2486 1667 2544; x_wconf 87' lang='lat' dir='ltr'><strong>extremum?</strong></span> <span class='ocrx_word' id='word_1_197' title='bbox 1752 2484 1936 2558; x_wconf 88' lang='lat' dir='ltr'><strong>Quod</strong></span> <span class='ocrx_word' id='word_1_198' title='bbox 1990 2504 2127 2545; x_wconf 91' lang='lat' dir='ltr'><strong>cum</strong></span> <span class='ocrx_word' id='word_1_199' title='bbox 2182 2485 2356 2554; x_wconf 85' lang='lat' dir='ltr'><strong>venit,</strong></span> 
     </span>
     <span class='ocr_line' id='line_1_24' title="bbox 450 2582 2358 2661; baseline -0.002 -18"><span class='ocrx_word' id='word_1_200' title='bbox 450 2586 645 2643; x_wconf 90' lang='lat' dir='ltr'><strong>omnis</strong></span> <span class='ocrx_word' id='word_1_201' title='bbox 672 2585 938 2661; x_wconf 89' lang='lat' dir='ltr'><strong>voluptas</strong></span> <span class='ocrx_word' id='word_1_202' title='bbox 965 2584 1268 2661; x_wconf 86' lang='lat' dir='ltr'><strong>praeterita</strong></span> <span class='ocrx_word' id='word_1_203' title='bbox 1297 2602 1407 2659; x_wconf 91' lang='lat' dir='ltr'><strong>pro</strong></span> <span class='ocrx_word' id='word_1_204' title='bbox 1435 2582 1618 2642; x_wconf 84' lang='lat' dir='ltr'><strong>nihilo</strong></span> <span class='ocrx_word' id='word_1_205' title='bbox 1660 2593 1764 2654; x_wconf 87' lang='lat' dir='ltr'><strong>est,</strong></span> <span class='ocrx_word' id='word_1_206' title='bbox 1791 2583 1931 2659; x_wconf 88' lang='lat' dir='ltr'><strong>quia</strong></span> <span class='ocrx_word' id='word_1_207' title='bbox 1957 2592 2165 2659; x_wconf 86' lang='lat' dir='ltr'><strong>postea</strong></span> <span class='ocrx_word' id='word_1_208' title='bbox 2196 2582 2358 2641; x_wconf 89' lang='lat' dir='ltr'><strong>nulla</strong></span> 
     </span>
     <span class='ocr_line' id='line_1_25' title="bbox 449 2681 2358 2758; baseline -0.001 -16"><span class='ocrx_word' id='word_1_209' title='bbox 449 2693 536 2743; x_wconf 89' lang='lat' dir='ltr'><strong>est</strong></span> <span class='ocrx_word' id='word_1_210' title='bbox 577 2683 783 2741; x_wconf 85' lang='lat' dir='ltr'><strong>futura.</strong></span> <span class='ocrx_word' id='word_1_211' title='bbox 867 2682 1244 2758; x_wconf 89' lang='lat' dir='ltr'><strong>Quamquam</strong></span> <span class='ocrx_word' id='word_1_212' title='bbox 1291 2682 1400 2741; x_wconf 90' lang='lat' dir='ltr'><strong>iste</strong></span> <span class='ocrx_word' id='word_1_213' title='bbox 1442 2692 1575 2740; x_wconf 89' lang='lat' dir='ltr'><strong>tuus</strong></span> <span class='ocrx_word' id='word_1_214' title='bbox 1619 2683 1849 2739; x_wconf 90' lang='lat' dir='ltr'><strong>animus</strong></span> <span class='ocrx_word' id='word_1_215' title='bbox 1894 2700 2219 2758; x_wconf 88' lang='lat' dir='ltr'><strong>numquam</strong></span> <span class='ocrx_word' id='word_1_216' title='bbox 2268 2681 2358 2740; x_wconf 88' lang='lat' dir='ltr'><strong>his</strong></span> 
     </span>
     <span class='ocr_line' id='line_1_26' title="bbox 450 2764 2359 2857; baseline -0.001 -18"><span class='ocrx_word' id='word_1_217' title='bbox 450 2764 746 2857; x_wconf 86' lang='lat' dir='ltr'><strong>angustiis,</strong></span> <span class='ocrx_word' id='word_1_218' title='bbox 773 2798 921 2857; x_wconf 86' lang='lat' dir='ltr'><strong>quas</strong></span> <span class='ocrx_word' id='word_1_219' title='bbox 948 2789 1152 2838; x_wconf 88' lang='lat' dir='ltr'><strong>natura</strong></span> <span class='ocrx_word' id='word_1_220' title='bbox 1188 2779 1358 2838; x_wconf 90' lang='lat' dir='ltr'><strong>nobis</strong></span> <span class='ocrx_word' id='word_1_221' title='bbox 1397 2778 1473 2837; x_wconf 88' lang='lat' dir='ltr'><strong>ad</strong></span> <span class='ocrx_word' id='word_1_222' title='bbox 1501 2778 1809 2837; x_wconf 86' lang='lat' dir='ltr'><strong>vivendum</strong></span> <span class='ocrx_word' id='word_1_223' title='bbox 1841 2778 2016 2850; x_wconf 87' lang='lat' dir='ltr'><strong>dedit,</strong></span> <span class='ocrx_word' id='word_1_224' title='bbox 2046 2788 2359 2838; x_wconf 90' lang='lat' dir='ltr'><strong>contentus</strong></span> 
     </span>
    </p>

    <p class='ocr_par' dir='ltr' id='par_1_5' title="bbox 360 2876 2359 3545">
     <span class='ocr_line' id='line_1_27' title="bbox 360 2876 2358 2955; baseline -0.002 -14"><span class='ocrx_word' id='word_1_225' title='bbox 360 2894 424 2941; x_wconf 82' lang='lat'><strong>28</strong></span> <span class='ocrx_word' id='word_1_226' title='bbox 449 2878 573 2951; x_wconf 90' lang='lat' dir='ltr'><strong>fuit,</strong></span> <span class='ocrx_word' id='word_1_227' title='bbox 623 2896 856 2955; x_wconf 90' lang='lat' dir='ltr'><strong>semper</strong></span> <span class='ocrx_word' id='word_1_228' title='bbox 905 2877 1330 2936; x_wconf 86' lang='lat' dir='ltr'><strong>inmortalitatis</strong></span> <span class='ocrx_word' id='word_1_229' title='bbox 1388 2896 1588 2937; x_wconf 88' lang='lat' dir='ltr'><strong>amore</strong></span> <span class='ocrx_word' id='word_1_230' title='bbox 1643 2877 1924 2953; x_wconf 86' lang='lat' dir='ltr'><strong>flagravit.</strong></span> <span class='ocrx_word' id='word_1_231' title='bbox 2036 2876 2166 2937; x_wconf 88' lang='lat' dir='ltr'><strong>Nec</strong></span> <span class='ocrx_word' id='word_1_232' title='bbox 2222 2896 2358 2937; x_wconf 91' lang='lat' dir='ltr'><strong>vero</strong></span> 
     </span>
     <span class='ocr_line' id='line_1_28' title="bbox 449 2976 2359 3053; baseline -0.001 -17"><span class='ocrx_word' id='word_1_233' title='bbox 449 2979 592 3037; x_wconf 90' lang='lat' dir='ltr'><strong>haec</strong></span> <span class='ocrx_word' id='word_1_234' title='bbox 623 2987 723 3036; x_wconf 89' lang='lat' dir='ltr'><strong>tua</strong></span> <span class='ocrx_word' id='word_1_235' title='bbox 749 2977 864 3035; x_wconf 88' lang='lat' dir='ltr'><strong>vita</strong></span> <span class='ocrx_word' id='word_1_236' title='bbox 892 2976 1158 3035; x_wconf 90' lang='lat' dir='ltr'><strong>ducenda</strong></span> <span class='ocrx_word' id='word_1_237' title='bbox 1186 2986 1290 3048; x_wconf 92' lang='lat' dir='ltr'><strong>est,</strong></span> <span class='ocrx_word' id='word_1_238' title='bbox 1324 2994 1473 3053; x_wconf 90' lang='lat' dir='ltr'><strong>quae</strong></span> <span class='ocrx_word' id='word_1_239' title='bbox 1503 2994 1749 3053; x_wconf 88' lang='lat' dir='ltr'><strong>corpore</strong></span> <span class='ocrx_word' id='word_1_240' title='bbox 1780 2986 1837 3035; x_wconf 91' lang='lat' dir='ltr'><strong>et</strong></span> <span class='ocrx_word' id='word_1_241' title='bbox 1863 2976 2065 3053; x_wconf 89' lang='lat' dir='ltr'><strong>spiritu</strong></span> <span class='ocrx_word' id='word_1_242' title='bbox 2094 2977 2359 3035; x_wconf 89' lang='lat' dir='ltr'><strong>contine-</strong></span> 
     </span>
     <span class='ocr_line' id='line_1_29' title="bbox 449 3074 2358 3152; baseline -0.001 -18"><span class='ocrx_word' id='word_1_243' title='bbox 449 3087 580 3148; x_wconf 83' lang='lat' dir='ltr'><strong>tur;</strong></span> <span class='ocrx_word' id='word_1_244' title='bbox 623 3075 735 3147; x_wconf 91' lang='lat' dir='ltr'><strong>illa,</strong></span> <span class='ocrx_word' id='word_1_245' title='bbox 763 3076 1022 3152; x_wconf 88' lang='lat' dir='ltr'><strong>inquam,</strong></span> <span class='ocrx_word' id='word_1_246' title='bbox 1056 3074 1152 3133; x_wconf 89' lang='lat' dir='ltr'><strong>illa</strong></span> <span class='ocrx_word' id='word_1_247' title='bbox 1191 3075 1306 3133; x_wconf 89' lang='lat' dir='ltr'><strong>vita</strong></span> <span class='ocrx_word' id='word_1_248' title='bbox 1347 3084 1434 3133; x_wconf 89' lang='lat' dir='ltr'><strong>est</strong></span> <span class='ocrx_word' id='word_1_249' title='bbox 1476 3085 1595 3147; x_wconf 89' lang='lat' dir='ltr'><strong>tua,</strong></span> <span class='ocrx_word' id='word_1_250' title='bbox 1625 3093 1776 3150; x_wconf 91' lang='lat' dir='ltr'><strong>quae</strong></span> <span class='ocrx_word' id='word_1_251' title='bbox 1818 3074 2033 3150; x_wconf 89' lang='lat' dir='ltr'><strong>vigebit</strong></span> <span class='ocrx_word' id='word_1_252' title='bbox 2074 3074 2358 3134; x_wconf 90' lang='lat' dir='ltr'><strong>memoria</strong></span> 
     </span>
     <span class='ocr_line' id='line_1_30' title="bbox 451 3172 2358 3249; baseline -0.003 -15"><span class='ocrx_word' id='word_1_253' title='bbox 451 3174 815 3234; x_wconf 84' lang='lat' dir='ltr'><strong>saeculorum</strong></span> <span class='ocrx_word' id='word_1_254' title='bbox 873 3173 1155 3243; x_wconf 89' lang='lat' dir='ltr'><strong>omnium,</strong></span> <span class='ocrx_word' id='word_1_255' title='bbox 1213 3190 1393 3249; x_wconf 91' lang='lat' dir='ltr'><strong>quam</strong></span> <span class='ocrx_word' id='word_1_256' title='bbox 1450 3173 1750 3249; x_wconf 86' lang='lat' dir='ltr'><strong>posteritas</strong></span> <span class='ocrx_word' id='word_1_257' title='bbox 1804 3172 1935 3246; x_wconf 88' lang='lat' dir='ltr'><strong>alet,</strong></span> <span class='ocrx_word' id='word_1_258' title='bbox 1996 3190 2175 3249; x_wconf 88' lang='lat' dir='ltr'><strong>quam</strong></span> <span class='ocrx_word' id='word_1_259' title='bbox 2231 3173 2358 3248; x_wconf 91' lang='lat' dir='ltr'><strong>ipsa</strong></span> 
     </span>
     <span class='ocr_line' id='line_1_31' title="bbox 451 3270 2357 3346; baseline -0.001 -16"><span class='ocrx_word' id='word_1_260' title='bbox 451 3272 756 3331; x_wconf 87' lang='lat' dir='ltr'><strong>aeternitas</strong></span> <span class='ocrx_word' id='word_1_261' title='bbox 806 3289 1036 3346; x_wconf 89' lang='lat' dir='ltr'><strong>semper</strong></span> <span class='ocrx_word' id='word_1_262' title='bbox 1082 3270 1346 3328; x_wconf 87' lang='lat' dir='ltr'><strong>tuebitur.</strong></span> <span class='ocrx_word' id='word_1_263' title='bbox 1434 3270 1589 3329; x_wconf 91' lang='lat' dir='ltr'><strong>Huic</strong></span> <span class='ocrx_word' id='word_1_264' title='bbox 1644 3280 1707 3328; x_wconf 93' lang='lat' dir='ltr'><strong>tu</strong></span> <span class='ocrx_word' id='word_1_265' title='bbox 1764 3271 2055 3342; x_wconf 88' lang='lat' dir='ltr'><strong>inservias,</strong></span> <span class='ocrx_word' id='word_1_266' title='bbox 2113 3271 2247 3329; x_wconf 92' lang='lat' dir='ltr'><strong>huic</strong></span> <span class='ocrx_word' id='word_1_267' title='bbox 2303 3283 2357 3329; x_wconf 90' lang='lat' dir='ltr'><strong>te</strong></span> 
     </span>
     <span class='ocr_line' id='line_1_32' title="bbox 451 3368 2357 3447; baseline -0.002 -18"><span class='ocrx_word' id='word_1_268' title='bbox 451 3380 714 3429; x_wconf 89' lang='lat' dir='ltr'><strong>ostentes</strong></span> <span class='ocrx_word' id='word_1_269' title='bbox 750 3376 998 3447; x_wconf 91' lang='lat' dir='ltr'><strong>oportet,</strong></span> <span class='ocrx_word' id='word_1_270' title='bbox 1030 3386 1176 3445; x_wconf 89' lang='lat' dir='ltr'><strong>quae</strong></span> <span class='ocrx_word' id='word_1_271' title='bbox 1219 3369 1476 3446; x_wconf 86' lang='lat' dir='ltr'><strong>quidem,</strong></span> <span class='ocrx_word' id='word_1_272' title='bbox 1504 3388 1654 3445; x_wconf 90' lang='lat' dir='ltr'><strong>quae</strong></span> <span class='ocrx_word' id='word_1_273' title='bbox 1696 3368 1949 3441; x_wconf 86' lang='lat' dir='ltr'><strong>miretur,</strong></span> <span class='ocrx_word' id='word_1_274' title='bbox 1979 3369 2097 3426; x_wconf 90' lang='lat' dir='ltr'><strong>iam</strong></span> <span class='ocrx_word' id='word_1_275' title='bbox 2134 3369 2357 3445; x_wconf 86' lang='lat' dir='ltr'><strong>pridem</strong></span> 
     </span>
     <span class='ocr_line' id='line_1_33' title="bbox 453 3466 2359 3545; baseline 0.001 -20"><span class='ocrx_word' id='word_1_276' title='bbox 453 3467 636 3526; x_wconf 87' lang='lat' dir='ltr'><strong>multa</strong></span> <span class='ocrx_word' id='word_1_277' title='bbox 686 3466 895 3539; x_wconf 83' lang='lat' dir='ltr'><strong>habet3</strong></span> <span class='ocrx_word' id='word_1_278' title='bbox 939 3485 1096 3526; x_wconf 91' lang='lat' dir='ltr'><strong>nunc</strong></span> <span class='ocrx_word' id='word_1_279' title='bbox 1141 3467 1334 3539; x_wconf 83' lang='lat' dir='ltr'><strong>etiam,</strong></span> <span class='ocrx_word' id='word_1_280' title='bbox 1382 3485 1532 3543; x_wconf 89' lang='lat' dir='ltr'><strong>quae</strong></span> <span class='ocrx_word' id='word_1_281' title='bbox 1575 3466 1788 3541; x_wconf 88' lang='lat' dir='ltr'><strong>laudet,</strong></span> <span class='ocrx_word' id='word_1_282' title='bbox 1829 3476 2145 3545; x_wconf 88' lang='lat' dir='ltr'><strong>exspectat.</strong></span> <span class='ocrx_word' id='word_1_283' title='bbox 2230 3466 2359 3527; x_wconf 90' lang='lat' dir='ltr'><strong>Ob-</strong></span> 
     </span>
    </p>
   </div>
  </div>
 </body>
</html>
