2727 3901
587 260 731 310 PRo
779 260 863 309 M.
907 260 1312 311 MARCELLO
1361 260 1655 311 ORATIO.
1749 249 1823 332 §§
1871 248 2061 334 8—13.
2239 261 2280 330 5

382 420 637 479 tionibus
678 419 798 477 iure
841 428 1177 496 antepones,
1263 419 1434 479 Haec
1478 420 1635 480 enim
1677 439 1769 480 res
1811 421 1989 479 unius·
2024 430 2110 480 est
2144 439 2281 498 pro-

379 519 500 595 pria
546 517 614 577 C.
669 517 967 590 Caesaris;
1026 530 1250 577 ceterae
1305 518 1454 577 duce
1498 529 1555 578 te
1604 528 1799 595 gestae
1847 538 2097 596 magnae
2151 519 2284 579 illae

381 615 637 692 quidem,
683 616 785 675 sed
833 625 1030 674 tamen
1075 617 1263 675 multo
1319 635 1657 695 magnoque
1713 618 2006 678 comitatu.
2091 617 2284 676 Huius

381 724 578 774 autem
622 714 703 774 rei
751 723 813 773 tu
864 715 1018 773 idem
1070 733 1135 773 es
1179 725 1236 774 et
1284 715 1407 773 dux
1450 726 1505 774 et
1554 731 1795 788 comes;
1853 735 2003 793 quae
2046 715 2283 794 quidem

382 822 544 872 tanta
584 823 691 879 est,
736 822 804 871 ut
844 812 1095 890 tropaeis
1137 823 1195 872 et
1232 814 1610 872 monimentis
1653 815 1764 872 tuis
1808 815 2063 873 adlatura
2106 813 2283 872 finem

382 911 452 970 sit
481 921 640 970 aetas
671 907 839 989 (nihil
868 922 952 969 est
981 911 1140 969 enim
1168 930 1345 987 opere
1384 921 1443 970 et
1480 930 1661 970 manu
1701 912 1935 983 factum,
1966 913 2124 991 quod
2164 930 2285 971 non

382 1008 694 1087 aliquando
747 1009 1016 1086 conficiat
1060 1019 1118 1069 et
1167 1020 1475 1069 consumat
1521 1007 1839 1090 vetustas);
1883 1022 1940 1068 at
1988 1011 2132 1070 haec
2186 1020 2286 1069 tua
2314 1023 2375 1070 12

381 1108 594 1166 iustitia
649 1117 706 1166 et
762 1107 967 1168 lenitas
1023 1108 1197 1166 animi
1255 1108 1504 1169 florescit
1551 1109 1765 1168 cotidie
1815 1109 2023 1186 magiS,
2080 1109 2159 1166 ita
2206 1116 2286 1179 ut,

382 1217 667 1283 quantum
712 1205 825 1264 tuis
875 1207 1148 1282 operibus
1197 1206 1540 1266 diuturnitas
1589 1207 1865 1278 detrahet,
1914 1215 2141 1265 tantum
2189 1204 2285 1264 ad-

381 1303 522 1362 ferat
565 1304 848 1362 laudibus.
932 1304 1009 1363 Et
1064 1316 1290 1364 ceteros
1336 1306 1574 1383 quidem
1625 1324 1834 1364 omnes
1875 1307 2122 1365 victores
2166 1303 2286 1363 bel·
2315 1310 2425 1374 (12)

382 1403 570 1462 lorum
599 1402 846 1461 civilium
875 1403 991 1461 iarn
1021 1413 1154 1462 ante
1187 1405 1477 1483 aequitate
1506 1413 1563 1463 et
1606 1404 2000 1486 misericordia
2027 1404 2247 1463 viceras
2272 1424 2286 1474 ;

382 1500 664 1561 hodierno
691 1520 826 1561 vero
856 1502 948 1561 die
977 1512 1034 1561 te
1077 1503 1268 1579 ipsum
1307 1503 1507 1562 vicisti.
1591 1502 1830 1573 Vereor,
1867 1513 1929 1562 ut
1966 1503 2096 1572 hoe,
2126 1502 2288 1578 quod

382 1599 593 1671 dicam,
652 1600 892 1676 perinde
970 1601 1227 1679 intellegi
1300 1601 1488 1678 possit
1564 1601 1844 1673 auditum,
1901 1611 2077 1678 atque
2162 1601 2286 1677 ipse

383 1699 649 1774 cogitans
686 1700 914 1758 sentio:
958 1700 1156 1776 Ipsam
1194 1699 1495 1758 victoriam
1535 1700 1741 1758 vicisse
1770 1700 1998 1771 videriS,
2028 1717 2162 1758 cum
2199 1718 2286 1767 ea,

383 1816 534 1874 quae
577 1797 672 1856 illa
713 1808 836 1856 erat
879 1799 1108 1875 adepta,
1149 1798 1310 1857 victis
1352 1799 1641 1858 remisisti.
1726 1798 1883 1857 Nam
1926 1816 2062 1858 cum
2105 1798 2287 1874 ipsius

381 1896 653 1956 victoriae
681 1897 1024 1957 condicione
1065 1915 1276 1958 omnes
1313 1897 1448 1956 victi
1485 1896 1917 1969 occidissemuS,
1948 1895 2288 1957 clementiae

382 2006 517 2055 tuae
561 1996 777 2055 iudicio
825 1997 1151 2056 conservati
1209 2015 1427 2055 sumus·
1513 1996 1698 2055 Recte
1767 1997 1940 2071 igitur
1995 2014 2147 2055 unus
2201 1996 2290 2053 in-

383 2094 564 2152 victus
608 2090 744 2176 [es],
791 2113 826 2153 a
866 2113 987 2172 quo
1030 2095 1206 2153 etiam
1247 2095 1429 2171 ipsius
1470 2094 1743 2153 victoriae
1785 2094 2057 2153 condicio
2088 2094 2287 2172 visque

383 2192 611 2251 devicta
638 2203 742 2253 est.

386 2325 470 2387 (55
512 2324 712 2386 13-18).
789 2324 898 2373 ne
925 2317 1156 2387 bea'rings
1180 2324 1244 2387 eff
1269 2324 1495 2373 Caesar's
1522 2322 1738 2373 decision
1765 2324 1825 2371 in
1848 2322 1928 2372 the
1948 2338 2052 2372 ease
2072 2321 2292 2387 ffMar·
2340 2386 2346 2391 ι

514 2407 667 2456 collus
710 2414 846 2472 upon
886 2406 969 2455 the
1013 2406 1168 2455 whole
1211 2407 1487 2471 Pompeiam
1515 2412 1691 2471 party.
1766 2405 1867 2455 The
1904 2402 2145 2470 speaker-'s
2178 2420 2291 2454 own

505 2490 731 2553 position
745 2506 762 2537 .·
797 2490 908 2537 and
924 2488 1023 2537 like
1043 2487 1173 2550 him,
1205 2489 1483 2538 Marcellus
1512 2486 1899 2553 ahvaysseaned
1920 2487 2001 2535 the
2020 2502 2222 2536 excesses
2243 2486 2306 2552 of

515 2574 599 2622 his
634 2589 749 2623 own
770 2579 932 2638 party
962 2572 1024 2621 in
1053 2572 1137 2621 the
1167 2579 1311 2622 event
1340 2570 1406 2637 of
1425 2571 1563 2621 their
1596 2573 1801 2635 victory.
1872 2569 2094 2621 Caesar's
2126 2586 2212 2620 use
2242 2569 2307 2636 of

516 2657 719 2719 victory.

471 2763 536 2819 5.
582 2764 776 2840 Atque
818 2764 932 2823 hoc
976 2763 1045 2823 C.
1078 2763 1341 2823 Caesaris
1384 2764 1679 2835 iudicium,
1724 2772 1917 2841 patres
1960 2761 2288 2838 conscripti,
2320 2767 2382 2813 13

386 2881 566 2940 quam
623 2863 733 2921 late
781 2872 994 2939 pateat,
1039 2862 1348 2921 adtendite.
1434 2862 1661 2923 Omnes
1717 2863 1893 2933 enirn,
1936 2862 2035 2939 qui
2078 2860 2154 2919 ad
2196 2860 2291 2918 illa

386 2980 550 3021 arma
596 2960 719 3019 fato
761 2979 964 3019 sumus
1007 2960 1205 3020 nescio
1247 2979 1368 3038 quo
1410 2962 1492 3019 rei
1532 2959 1801 3038 publicae
1840 2960 2051 3018 misero
2095 2959 2291 3018 funes-

384 3068 564 3137 toque
593 3059 878 3136 conpulsi,
908 3061 1015 3118 etsi
1055 3059 1250 3137 aliqua
1286 3059 1459 3135 culpa
1494 3068 1759 3117 tenemur
1796 3059 2001 3117 erroris
2033 3056 2291 3127 humani,

386 3157 598 3217 scelere
641 3167 794 3215 certe
834 3158 1058 3216 liberati
1106 3175 1324 3216 sumuS.
1410 3156 1583 3229 Nam,
1628 3175 1763 3216 cum
1812 3155 1899 3214 M.
1943 3154 2293 3214 Marcellum

386 3255 831 3332 deprecantibus
871 3258 1036 3315 vobis
1077 3255 1159 3314 rei
1201 3256 1470 3333 publicae
1503 3245 1885 3325 conservavit,
1916 3273 2011 3313 me
2052 3263 2108 3313 et
2150 3252 2292 3311 mihi

387 3365 444 3412 et
486 3354 623 3413 item
664 3354 746 3412 rei
788 3353 1055 3429 publicae
1097 3354 1257 3414 nullo
1306 3352 1668 3431 deprecante,
1712 3353 1964 3429 reliquos
2010 3352 2292 3430 amplissi-

388 3470 520 3512 mos
546 3452 698 3511 viros
725 3461 782 3511 et
811 3453 919 3511 sibi
949 3453 1109 3530 ipsos
1147 3462 1204 3513 et
1239 3453 1461 3530 patriae
1497 3449 1759 3524 reddidit,
1789 3469 2037 3529 quorum
2079 3462 2136 3511 et
2180 3450 2292 3509 fre-
