2727 3901
457 267 499 326 6
1011 280 1092 329 M.
1147 279 1198 328 T
1197 277 1372 329 ULLI
1415 277 1820 328 CICERONIS

455 439 757 516 quentiam
785 449 842 497 et
871 438 1208 516 dignitatem
1245 438 1359 497 hoc
1390 439 1518 516 ipso
1552 439 1615 496 in
1651 456 1930 497 consessu
1958 437 2160 497 videtis
2184 457 2196 496 :
2240 457 2361 496 non

457 537 550 596 ille
595 537 792 596 hostes
847 537 1072 595 induxit
1126 537 1188 594 in
1237 537 1477 608 curiam,
1527 537 1632 595 sed
1676 536 1945 595 iudicavit
1994 555 2031 594 a
2075 537 2361 614 plerisque

459 636 821 712 ignoratione
851 636 1044 711 potius
1072 645 1130 693 et
1158 634 1303 694 falso
1332 646 1507 712 atque
1535 635 1693 692 inani
1736 646 1893 693 metu
1922 653 2100 712 quam
2139 635 2361 711 cupidi-

367 747 429 792 14
457 743 573 793 tate
603 742 702 792 aut
730 733 1061 792 crudelitate
1098 733 1316 791 bellum
1357 752 1486 792 esse
1517 743 1869 810 susceptum.
1954 733 2093 805 Quo
2124 733 2360 810 quidem

457 833 517 889 in
563 830 716 890 bello
761 849 990 907 semper
1046 831 1119 889 de
1173 849 1319 908 pace
1370 830 1725 890 audiendum
1772 832 1965 908 putavi
2014 849 2361 908 semperque

456 929 614 988 dolui
670 947 792 987 non
855 928 1036 987 modo
1092 947 1318 1004 pacem,
1380 929 1483 987 sed
1539 929 1714 987 etiam
1770 929 2090 988 orationem
2146 929 2358 987 civium

455 1045 662 1104 pacem
691 1025 1074 1102 flagitantium
1115 1026 1421 1104 repudiari.
1507 1025 1720 1103 Neque
1762 1027 1920 1085 enim
1954 1044 2068 1102 ego
2110 1026 2207 1084 illa
2248 1045 2359 1085 nec

455 1125 571 1183 ulla
612 1142 893 1200 umquam
934 1135 1164 1183 secutus
1208 1143 1338 1183 sum
1383 1142 1545 1182 arma
1585 1124 1789 1195 civilia,
1835 1143 2178 1201 semperque
2225 1142 2359 1182 mea

453 1223 695 1282 consilia
742 1223 902 1299 pacis
952 1233 1009 1281 et
1053 1233 1227 1298 togae
1277 1223 1452 1294 socia,
1497 1241 1618 1280 non
1665 1222 1800 1280 belli
1843 1232 2017 1298 atque
2061 1240 2358 1281 armorum

453 1321 700 1380 fuerunt.
783 1320 1106 1380 Hominem
1178 1339 1308 1379 sum
1381 1332 1611 1380 secutus
1674 1320 1897 1397 privato
1967 1319 2180 1391 officio,
2238 1338 2359 1378 non

451 1419 703 1496 publico,
735 1429 1076 1496 tantumque
1103 1420 1258 1495 apud
1300 1438 1397 1477 me
1440 1419 1585 1495 grati
1627 1418 1805 1476 animi
1848 1418 2033 1477 fidelis
2076 1419 2359 1476 memoria

450 1517 625 1575 valuit
666 1528 728 1575 ut
770 1516 925 1576 nulla
967 1534 1086 1577 non
1129 1516 1309 1576 modo
1351 1516 1680 1593 cupiditate,
1711 1517 1815 1576 sed
1856 1535 1933 1575 ne
1970 1535 2073 1592 spe
2102 1515 2357 1593 quidem,

452 1615 708 1692 prudens
751 1626 808 1674 et
852 1615 1040 1674 sciens
1082 1626 1383 1692 tamquam
1428 1615 1502 1673 ad
1544 1615 1838 1674 interitum
1880 1633 2109 1673 ruerem
2153 1614 2359 1672 volun·

363 1727 424 1774 15
452 1715 683 1772 tarium.
766 1713 947 1784 Quod
990 1713 1228 1791 quidem
1269 1731 1471 1770 meum
1512 1713 1819 1772 consilium
1863 1713 2105 1771 minime
2148 1714 2359 1772 obscu-

448 1829 580 1869 rum
635 1811 756 1870 fuit.
845 1811 1004 1870 Nam
1053 1821 1111 1869 et
1154 1812 1214 1868 in
1263 1811 1379 1870 hoc
1427 1810 1632 1871 ordine
1680 1811 1903 1886 integra
1950 1829 2013 1868 re
2062 1810 2243 1868 multa
2284 1810 2358 1869 de

449 1927 596 1987 pace
630 1909 749 1969 dixi
793 1918 852 1969 et
894 1909 953 1968 in
996 1909 1125 1985 ipso
1169 1907 1321 1968 bello
1349 1908 1556 1968 eadem
1598 1909 1773 1969 etiam
1817 1926 1953 1969 cum
1996 1908 2199 1985 capitis
2242 1909 2359 1967 mei

448 2008 705 2085 periculo
735 2009 906 2067 sensi.
987 2007 1082 2065 Ex
1110 2025 1230 2084 quo
1258 2026 1437 2067 nemo
1466 2008 1583 2065 iam
1610 2008 1715 2066 erit
1743 2017 1864 2066 tam
1892 2007 2136 2065 iniustus
2164 2008 2357 2067 existi·

449 2116 637 2165 mator
667 2123 878 2177 rerum,
910 2105 1012 2181 qui
1041 2104 1276 2173 dubitet,
1305 2123 1457 2181 quae
1486 2103 1754 2163 Caesaris
1796 2105 1868 2164 de
1909 2104 2065 2163 bello
2092 2104 2357 2164 voluntas

447 2202 634 2274 fuerit,
666 2221 802 2261 curn
830 2205 991 2280 pacis
1035 2211 1302 2261 auctores
1340 2202 1772 2262 conservandos
1818 2203 2011 2261 statim
2054 2202 2354 2274 censuerit,

448 2301 656 2359 ceteris
685 2300 854 2359 fuerit
881 2302 1088 2359 iratior.
1172 2300 1366 2377 Atque
1395 2300 1452 2359 id
1476 2300 1667 2359 minus
1696 2301 1907 2359 mirum
1938 2300 2181 2360 fortasse
2211 2311 2354 2373 tum,

395 2398 400 2403 ’
447 2417 583 2457 curn
630 2410 782 2457 esset
826 2399 1080 2458 incertus
1125 2400 1312 2457 exitus
1358 2410 1415 2458 et
1460 2418 1675 2476 anceps
1729 2400 1962 2459 fortuna
2017 2398 2193 2473 belli;
2256 2400 2355 2476 qui

447 2515 584 2556 vero
627 2498 810 2556 victor
852 2498 1012 2573 pacis
1054 2507 1318 2556 auctores
1361 2498 1560 2573 diligit,
1600 2498 1649 2555 is
1688 2496 1953 2575 profecto
1998 2497 2252 2557 declarat
2294 2516 2356 2557 se

447 2595 721 2654 maluisse
751 2614 872 2655 non
903 2595 1177 2653 dimicare
1208 2614 1387 2672 quam
1416 2597 1659 2654 vincere.

359 2706 419 2752 16
529 2692 595 2747 Β.
643 2696 838 2771 Atque
894 2694 1065 2753 huius
1116 2694 1353 2771 quidem
1404 2694 1485 2751 rei
1536 2694 1621 2752 M.
1666 2693 1950 2754 Marcello
1996 2712 2127 2752 sum
2176 2696 2352 2754 testiS.

447 2790 647 2850 Nostri
693 2792 852 2849 enim
899 2810 1103 2851 sensus
1151 2804 1215 2850 ut
1263 2793 1324 2850 in
1375 2811 1520 2869 pace
1570 2811 1817 2869 semper,
1868 2791 1951 2851 sic
2004 2802 2131 2850 tum
2180 2794 2352 2852 etiam

445 2892 505 2948 in
563 2890 716 2949 bello
778 2892 1197 2967 congruebant.
1281 2890 1571 2962 Quotiens
1634 2908 1749 2967 ego
1818 2909 1954 2949 eum
2014 2901 2073 2949 et
2132 2901 2353 2967 quanto

443 3004 578 3044 cum
635 2986 836 3045 dolore
893 2985 1006 3044 vidi
1063 3004 1200 3045 cum
1255 2986 1625 3046 insolentiam
1680 2997 1966 3046 certorum
2025 2986 2351 3056 hominum,

444 3096 568 3142 tum
614 3084 792 3143 etiam
854 3085 1035 3161 ipsius
1091 3085 1363 3143 victoriae
1421 3084 1780 3143 ferocitatem
1836 3086 2351 3145 extimescentem!

444 3178 584 3250 Quo
641 3179 859 3254 gratior
913 3187 1014 3237 tua
1063 3178 1391 3251 liberalitaS,
1444 3178 1512 3238 C.
1570 3179 1807 3251 Caesar,
1858 3180 2049 3251 nobiS,
2100 3180 2199 3257 qui
2257 3179 2352 3238 illa

446 3276 708 3349 vidimus,
757 3276 927 3335 debet
973 3294 1118 3335 esse.
1208 3274 1350 3334 Non
1396 3276 1553 3333 enim
1596 3276 1715 3334 iam
1765 3294 1978 3335 causae
2028 3287 2161 3334 sunt
2205 3278 2353 3334 inter

354 3385 414 3438 17
444 3392 524 3446 se,
555 3374 658 3435 sed
696 3375 970 3433 victoriae
1010 3374 1456 3450 comparandae.
1538 3373 1811 3433 Vidimus
1853 3385 2013 3432 tuam
2051 3374 2352 3434 victoriam

442 3473 798 3549 proeliorum
854 3474 1012 3532 exitu
1073 3473 1462 3545 terminatam,
1518 3471 1779 3549 gladium
1834 3472 2048 3550 vagina
2103 3491 2351 3531 vacuum
