2727 3901
453 208 530 272 28
922 221 1067 272 PRO
1116 222 1178 283 Q.
1224 221 1532 272 LIGARIO
1579 221 1872 273 ORATIO.

451 398 545 438 me
573 379 687 439 hoc
715 380 1068 453 meminisse,
1100 399 1271 458 spero
1299 381 1473 439 etiam
1501 390 1575 452 te,
1606 381 1707 459 qui
1735 380 1995 440 oblivisci
2028 379 2168 438 nihil
2199 380 2350 440 soles

453 479 560 536 nisi
617 479 867 552 iniuriaS,
926 479 1206 557 quoniam
1256 478 1371 538 hoc
1427 488 1516 539 est
1571 479 1765 551 animi,
1823 478 2105 555 quoniam
2174 479 2347 537 etiam

450 576 666 653 ingenii
694 577 792 649 tui,
823 587 878 636 te
908 577 1128 654 aliquid
1156 577 1228 636 de
1256 576 1427 635 huius
1456 577 1554 636 illo
1582 577 1915 654 quaestorio
1956 577 2148 636 officio
2175 577 2347 636 etiam

452 673 524 731 de
554 674 676 732 aliis
706 675 1058 751 quibusdam
1095 675 1498 752 quaestoribus
1540 675 2002 734 reminiscentem
2044 674 2348 735 recordari.

363 784 425 831 86
454 772 570 831 Hic
621 773 793 849 igitur
835 773 909 830 T.
954 771 1234 850 Ligarius,
1279 773 1380 851 qui
1424 783 1549 831 tum
1591 773 1730 831 nihil
1772 774 1890 850 egit
1931 774 2087 832 aliud
2129 772 2346 852 (neque

451 871 606 927 enim
637 869 780 930 haec
811 867 1145 952 divinabat),
1177 871 1286 930 nisi
1316 883 1379 930 ut
1407 871 1491 930 tui
1518 890 1655 930 eum
1683 872 2003 931 studiosum
2034 881 2092 930 et
2122 873 2349 930 bonum

451 970 636 1025 virum
679 969 973 1043 iudicareS,
1007 988 1163 1029 nunc
1205 988 1240 1028 a
1282 980 1338 1028 te
1382 970 1628 1047 supplex
1672 969 1859 1028 fratris
1903 970 2149 1029 salutem
2190 970 2348 1047 petit.

453 1065 651 1138 Quam
689 1066 858 1126 huius
891 1067 1223 1126 admonitus
1265 1069 1460 1127 officio
1498 1086 1633 1126 cum
1677 1069 1931 1145 utrisque
1973 1067 2063 1126 his
2106 1067 2348 1138 dederiS,

452 1176 566 1223 tres
595 1164 797 1224 fratres
839 1166 1091 1242 optimos
1119 1175 1177 1224 et
1200 1167 1604 1242 integerrimos
1645 1184 1766 1224 non
1806 1166 1997 1225 solum
2041 1166 2149 1224 sibi
2189 1165 2353 1242 ipsos

454 1280 644 1340 neque
674 1263 762 1321 his
790 1272 874 1322 tot
902 1281 970 1322 ac
1004 1264 1212 1322 talibus
1240 1264 1371 1322 viris
1405 1281 1594 1341 neque
1634 1264 1805 1323 nobis
1842 1264 2179 1323 necessariis
2218 1263 2347 1333 tuis,

367 1374 427 1425 37
455 1361 558 1420 sed
584 1362 758 1420 etiam
787 1362 869 1419 rei
895 1363 1161 1437 publicae
1190 1362 1633 1420 condonaveris.
1718 1361 1836 1421 Fac
1869 1362 2056 1438 igitur,
2087 1360 2247 1438 quod
2278 1361 2349 1419 de

455 1459 691 1518 homine
739 1459 1096 1519 nobilissimo
1145 1470 1201 1519 et
1247 1460 1567 1519 clarissimo
1615 1458 1797 1519 fecisti
1840 1478 2027 1535 nuper
2068 1459 2129 1517 in
2172 1459 2347 1527 curia,

454 1576 608 1616 nunc
651 1556 806 1616 idem
849 1558 908 1616 in
949 1558 1078 1616 foro
1122 1557 1192 1616 de
1235 1559 1471 1634 optimis
1512 1567 1570 1616 et
1613 1558 1745 1616 huie
1790 1558 1954 1617 omni
1995 1557 2350 1634 frequentiae

452 1655 866 1730 probatissimis
906 1655 1211 1714 fratribus·
1274 1655 1356 1714 Ut
1399 1655 1733 1714 concessisti
1775 1654 1935 1714 illum
1979 1654 2221 1726 senatui,
2266 1656 2347 1713 sic

457 1754 530 1812 da
586 1753 742 1812 hunc
796 1754 1035 1830 populo,
1087 1755 1252 1813 cuius
1300 1753 1656 1812 voluntatem
1712 1754 2071 1813 carissimam
2125 1771 2355 1829 semper

457 1851 720 1924 habuisti,
752 1861 824 1922 et,
854 1853 901 1910 si
931 1853 1020 1910 ille
1050 1852 1170 1910 dies
1197 1852 1300 1911 tibi
1329 1851 1798 1928 gloriosissimuS,
1828 1850 2048 1928 populo
2078 1851 2353 1909 Romano

457 1952 813 2027 gratissimus
841 1949 963 2021 fuit,
993 1950 1127 2021 noli,
1151 1950 1413 2022 obsecre,
1444 1949 1724 2022 dubitare,
1749 1948 1817 2010 C.
1847 1948 2080 2022 Caesar,
2106 1948 2352 2009 similem

456 2048 532 2105 illi
573 2048 789 2123 gloriae
829 2048 1062 2107 laudem
1090 2066 1268 2125 quam
1312 2048 1650 2125 saepissime
1692 2066 1985 2125 quaerere.
2068 2046 2229 2105 Nihil
2270 2058 2355 2106 est

458 2158 576 2204 tam
607 2147 883 2222 populare
912 2165 1089 2222 quam
1128 2147 1376 2218 bonitaS,
1408 2146 1563 2205 nulla
1591 2146 1664 2205 de
1692 2146 1993 2205 virtutibus
2031 2146 2142 2205 tuis
2179 2145 2354 2223 pluri-

371 2256 432 2304 38
459 2245 571 2303 mis
599 2264 710 2304 nec
737 2245 1125 2304 admirabilior
1151 2263 1260 2303 nec
1287 2246 1506 2321 gratior
1533 2244 1928 2303 misericordia
1954 2254 2060 2304 est.
2145 2242 2358 2302 Homi-

457 2362 563 2402 nes
605 2344 762 2401 enim
803 2342 878 2401 ad
908 2343 1049 2403 deos
1086 2342 1244 2401 nulla
1279 2361 1340 2401 re
1382 2343 1622 2419 propius
1660 2342 1946 2402 accedunt
1987 2360 2167 2419 quam
2206 2342 2357 2401 salu-

461 2453 577 2501 tem
607 2442 936 2501 hominibus
963 2441 1176 2501 dand0.

461 2617 791 2665 Pax-oration
826 2614 876 2675 (ξ
915 2615 1014 2677 38).
1084 2617 1098 2641 ‘
1127 2614 1284 2663 What
1303 2630 1410 2677 you
1442 2614 1503 2663 do
1517 2614 1616 2679 sor
1653 2615 1709 2677 Q.
1737 2615 1999 2678 Ligarius,
2022 2606 2140 2663 will
2166 2614 2218 2662 be
2239 2612 2359 2661 done

573 2697 672 2762 for
691 2698 768 2747 all
785 2697 898 2746 here
913 2695 1144 2761 present.'

543 2840 706 2899 Nihil
761 2841 935 2900 habet
990 2860 1098 2900 nec
1149 2841 1383 2900 fortuna
1432 2851 1531 2899 tua
1575 2841 1779 2912 maius,
1824 2858 2003 2918 quam
2045 2850 2108 2899 ut
2154 2840 2360 2917 possiS‚

461 2959 569 2999 nec
612 2948 819 2998 natura
860 2938 1080 3009 meliuS,
1111 2957 1288 3016 quam
1320 2948 1385 2997 ut
1413 2939 1550 2997 velis
1590 2957 1815 2998 servare
1846 2956 2025 3016 quam
2064 2938 2361 3014 plurimos.

460 3037 822 3115 Longiorem
871 3037 1195 3095 orationem
1237 3055 1417 3096 causa
1459 3036 1701 3096 forsitan
1750 3036 2022 3113 postulet,
2067 3046 2166 3094 tua
2208 3045 2361 3095 certe

460 3147 664 3196 natura
720 3136 1058 3194 breviorem.
1143 3134 1358 3207 Quare,
1405 3154 1542 3194 cum
1596 3134 1791 3192 utilius
1841 3152 1970 3193 esse
2026 3134 2264 3192 arbitrer
2309 3143 2364 3192 te

459 3238 651 3312 ipsum
691 3252 870 3311 quam
912 3252 1010 3292 me
1044 3242 1145 3292 aut
1184 3252 1544 3311 quemquam
1582 3234 1742 3312 loqui
1781 3243 1989 3305 tecum,
2033 3233 2211 3291 finem
2248 3233 2366 3291 iam

460 3334 703 3404 faciam;
759 3342 988 3391 tantum
1045 3343 1100 3391 te
1155 3333 1509 3404 admonebo,
1567 3333 1615 3391 si
1685 3331 1763 3390 illi
1834 3331 2057 3390 absenti
2120 3330 2362 3390 salutem

464 3430 703 3500 dederiS‚
747 3430 1152 3506 praesentibus
1193 3430 1283 3489 his
1325 3431 1600 3489 omnibus
1644 3430 1928 3489 daturum.
