2727 3901
571 246 715 296 PRO
759 247 842 297 M.
887 245 1293 296 MARCELLO
1341 243 1635 295 ORATIO·
1725 229 1797 314 ἑξ
1843 239 2075 308 20—25.
2232 244 2270 308 9

373 405 680 482 doleoque,
726 423 863 465 cum
905 425 997 466 res
1051 403 1285 490 publica
1339 404 1662 463 inmortalis
1707 421 1833 462 esse
1878 403 2101 471 debeat,
2138 418 2271 458 eam

365 504 428 562 in
455 504 629 564 unius
661 505 921 564 mortalis
948 505 1148 564 anima
1174 504 1503 564 consistere.
1590 502 1650 560 Si
1680 520 1817 561 vero
1862 502 1944 560 ad·
1976 499 2268 558 humanos
2298 507 2360 555 23

371 621 542 662 casus
569 604 936 681 incertosque
972 613 1165 662 motus
1193 602 1532 662 valetudinis
1574 601 1803 662 sceleris
1838 601 2014 659 etiam
2051 597 2271 676 accedit

370 701 826 780 insidiarumque
881 703 1206 773 consensio,
1257 720 1435 779 quem
1490 702 1684 772 deum,
1743 701 1797 759 si.
1839 700 2049 776 cupiat,
2096 715 2271 775 posse

369 801 634 878 opitulari
661 803 744 862 rei
769 801 1038 879 publicae
1065 800 1419 862 credamus?

372 967 490 1017 Chs.
514 967 620 1028 viii,
643 968 708 1018 ix·
771 971 1119 1027 Dim-esaion.
1200 969 1341 1046 Your
1354 967 1498 1016 work
1516 966 1561 1014 is
1592 966 1710 1028 only
1732 965 1889 1028 &gun
1911 985 1927 1014 .·
1962 979 2029 1012 no
2058 978 2149 1012 one
2178 979 2271 1011 can

416 1080 424 1084 »
503 1051 726 1114 complete
748 1051 793 1100 it
813 1051 872 1100 in
885 1066 1024 1116 your
1031 1052 1188 1115 place.
1259 1051 1396 1099 Your
1414 1048 1543 1114 lg'fe’s
1563 1049 1745 1098 drama
1762 1052 1926 1096 wants·
1944 1047 2158 1096 another
2176 1051 2271 1105 act,

501 1139 550 1182 to
571 1149 736 1182 secure
753 1133 798 1182 it
819 1134 1168 1198 immortality.

457 1284 518 1339 8-
565 1283 784 1343 Omnia
833 1294 966 1342 sunt
1014 1285 1321 1344 excitanda
1376 1283 1496 1354 tibi,
1540 1282 1609 1342 C.
1659 1281 1893 1354 Caesar,
1950 1281 2069 1352 uni,
2121 1300 2272 1358 quae

371 1383 558 1442 iacere
601 1384 776 1442 sentis
819 1384 956 1442 belli
996 1384 1176 1460 ipsius
1217 1385 1454 1461 impetu,
1496 1381 1657 1460 quod
1700 1399 1938 1440 necesse
1979 1381 2101 1452 fuit,
2140 1400 2272 1458 per-

373 1482 534 1539 culsa
579 1491 754 1558 atque
807 1491 1134 1558 prostrata;
1201 1482 1606 1541 constituenda
1660 1480 1889 1552 iudicia,
1948 1479 2274 1539 revocanda

371 1579 533 1651 fideS‚
565 1579 1346 1656 comprimendae-libidines,
1372 1580 1752 1657 propaganda
1779 1579 2029 1651 suboles,
2056 1579 2271 1657 omnia,

373 1696 523 1756 quae
571 1678 793 1756 dilapsa
839 1679 958 1737 iam
1007 1680 1393 1752 diffluxerunt,
1445 1680 1656 1739 severis
1703 1679 1927 1756 legibus
1971 1678 2274 1738 vincienda

371 1787 519 1836 sunt.
605 1776 746 1836 Non
786 1777 891 1835 fuit
937 1777 1326 1836 recusandum
1370 1779 1430 1836 in
1477 1788 1648 1837 tanto
1688 1778 1833 1836 civili
1880 1777 2049 1850 beno,
2102 1785 2267 1836 tanto
2303 1793 2365 1840 24

371 1877 703 1936 animorum
744 1876 948 1944 ardore
990 1888 1048 1936 et
1077 1895 1389 1950 armorum,
1422 1878 1561 1956 quin
1592 1886 1863 1955 quassata
1891 1895 1985 1935 res
2022 1875 2271 1953 publica,

372 1976 725 2054 quicumque
747 1976 880 2035 belli
896 1985 1134 2036 eventus
1150 1976 1365 2049 fuisset,
1380 1976 1562 2035 multa
1578 1978 1843 2054 perderet
1860 1986 1917 2035 et
1933 1984 2277 2034 ornamenta

374 2075 666 2151 dignitatis
707 2086 764 2133 et
809 2076 1094 2151 praesidia
1134 2075 1454 2133 stabilitatis
1498 2094 1657 2146 suae,
1698 2075 1999 2152 multaque
2028 2083 2274 2150 uterque

373 2172 493 2231 dux
536 2173 747 2234 faceret
776 2183 1048 2244 armatuS,
1078 2192 1228 2250 quae
1258 2173 1415 2232 idem
1444 2183 1680 2251 togatus
1718 2173 1842 2231 fieri
1874 2172 2275 2249 prohibuisset.

375 2270 546 2344 Quae
576 2272 813 2349 quidem
842 2272 945 2332 tibi
973 2290 1132 2331 nunc
1161 2272 1360 2333 omnia
1398 2272 1535 2331 belli
1561 2273 1800 2333 vulnera
1834 2271 2093 2331 sananda
2122 2281 2273 2342 sunt,

373 2371 581 2449 quibus
637 2379 863 2447 praeter
917 2382 973 2430 te
1029 2370 1252 2430 mederi
1302 2389 1481 2431 nemo
1536 2381 1744 2448 potest.
1856 2371 2061 2448 Itaque
2117 2369 2276 2428 illam
2302 2389 2365 2437 25

373 2482 534 2529 tuam
579 2469 1096 2545 praeclarissimam
1151 2479 1208 2529 et
1263 2470 1750 2547 sapientissimam
1804 2488 2011 2529 vocem
2066 2468 2275 2527 invitus

373 2569 600 2629 audivi:
651 2573 666 2601 ‘
686 2568 836 2627 Satis
879 2569 976 2628 diu
1019 2569 1111 2628 vel
1150 2578 1389 2629 naturae
1431 2569 1548 2627 vixi
1572 2569 1662 2628 vel
1690 2565 1940 2645 gloriae.'
2030 2566 2197 2639 Satis,
2227 2567 2274 2625 si

371 2668 450 2726 ita
488 2667 591 2737 viS‚
621 2667 862 2727 fortasse
903 2677 1162 2738 naturae,
1190 2667 1344 2727 addo
1380 2668 1574 2741 etiam,
1606 2668 1653 2725 si
1688 2667 1897 2744 placet,
1926 2664 2164 2741 gloriae,
2196 2673 2272 2737 at,

373 2764 538 2844 quod
568 2766 891 2824 maximum
931 2777 1035 2838 est,
1065 2766 1282 2842 patriae
1325 2776 1480 2825 certe
1520 2783 1745 2842 parum.
1830 2764 2031 2837 Quare
2073 2765 2274 2824 omitte

375 2866 562 2938 istam,
594 2882 832 2942 quaeSO,
863 2864 1166 2924 doctorum
1193 2864 1501 2923 hominurn
1529 2866 1591 2922 in
1620 2862 2053 2924 contemnenda
2088 2874 2275 2923 morte

373 2962 759 3040 prudentiam,
816 2962 939 3022 noli
993 2973 1194 3022 nostro
1249 2962 1505 3040 periculo
1562 2980 1691 3022 esse
1748 2963 1997 3039 sapiens·
2089 2962 2273 3039 Saepe

373 3061 530 3119 enim
587 3060 741 3120 venit
787 3059 861 3118 ad
910 3078 1080 3120 aures
1125 3079 1288 3119 meas
1336 3070 1393 3119 te
1442 3060 1599 3120 idem
1643 3061 1796 3120 istud
1851 3062 2023 3119 nimis
2070 3062 2275 3122 crebro

376 3159 586 3231 dicere,
616 3158 716 3217 tibi
745 3158 882 3217 satis
923 3166 980 3217 te
1021 3158 1248 3218 vixisse.
1333 3157 1565 3231 Cred03
1610 3160 1713 3219 sed
1744 3170 1868 3218 tum
1909 3160 1969 3217 id
1998 3159 2273 3232 audirem,

373 3257 423 3315 si
478 3258 580 3317 tibi
637 3256 745 3316 soli
799 3256 1016 3316 viveres
1071 3266 1170 3315 aut
1225 3258 1274 3317 si
1329 3258 1434 3316 tibi
1488 3257 1661 3317 etiam
1721 3258 1830 3317 soli
1885 3268 2053 3317 natus
2100 3276 2276 3319 esseS.

375 3353 659 3413 Omnium
705 3354 949 3413 salutem
991 3355 1205 3413 civium
1251 3363 1641 3433 cunctamque
1684 3374 1805 3415 rem
1846 3355 2143 3431 publicam
2184 3374 2277 3416 res

374 3463 506 3511 tuae
548 3462 744 3529 gestae
788 3452 1132 3530 complexae
1175 3464 1350 3527 sunt3
1394 3465 1619 3514 tantum
1662 3455 1803 3513 abes
1846 3472 1883 3513 a
1921 3454 2275 3531 perfectione
