2727 3901
504 252 646 302 PRO
692 251 899 302 REGE
941 251 1328 302 DEIOTARO
1379 251 1665 302 ORATIO.
1758 239 1830 324 ᾧῷ
1879 250 2110 323 25-29.
2174 259 2252 318 41

495 409 677 458 should
704 417 790 458 not
824 411 883 458 in
910 423 1048 472 your
1083 407 1352 470 animosity
1386 407 1509 457 have
1540 417 1612 458 set
1642 409 1725 458 the
1757 410 1882 458 laws
1912 409 1974 474 of
1992 409 2267 474 humanity

499 499 554 540 at
585 493 814 558 defiance‚
851 492 910 555 by
941 491 1153 554 arming
1183 506 1217 538 a
1255 491 1389 539 slave
1426 492 1631 554 against
1674 492 1754 540 his
1798 499 1996 560 master.
2082 493 2132 554 (ᾗ
2175 494 2260 553 31)

509 576 610 624 The
638 591 742 623 case
771 575 833 638 Of
853 575 944 624 Cn.
967 573 1258 622 Domitius:
1293 572 1403 622 who
1441 573 1643 636 refused
1667 581 1715 623 to
1748 581 1907 638 accept
1935 574 2017 624 tlte
2045 574 2265 622 evidence

497 657 561 722 Of
578 657 659 706 the
691 657 823 705 slave
855 655 917 719 Of
941 657 1017 704 M.
1051 655 1281 716 *Scaurus
1312 655 1515 718 against
1549 654 1631 703 his
1666 662 1865 705 master.
1951 657 2003 721 (ᾖ
2033 659 2118 718 32)
2164 657 2265 704 You

490 739 645 802 plead
659 737 772 786 that
785 737 1067 800 Phidippus
1080 734 1170 782 has
1191 735 1308 797 only
1325 751 1439 784 once
1461 735 1573 784 been
1592 737 1764 784 bribed
1781 737 1839 797 by
1851 752 1969 800 you.
2045 738 2146 796 Yes,
2164 735 2275 784 and

499 821 630 885 afler
641 821 831 884 giving
847 820 927 868 his
949 819 1101 868 venal
1117 817 1356 879 evidence,
1382 818 1441 866 he
1463 819 1834 882 acknowleagred
1850 820 2081 884 thefact?

453 1004 570 1062 10.
613 997 852 1068 Imitari,
900 996 1126 1066 Castor,
1169 996 1366 1072 potius
1414 995 1503 1054 avi
1546 1013 1739 1054 mores
1781 995 2265 1072 disciplinamque
2292 1009 2354 1055 28

370 1095 621 1154 debebas
665 1113 842 1172 quam
871 1095 1095 1170 optimo
1124 1103 1180 1152 et
1207 1093 1527 1153 clarissimo
1563 1093 1687 1150 viro
1716 1093 1934 1170 fugitivi
1979 1112 2078 1153 ore
2118 1095 2266 1152 male

369 1194 575 1254 dicere.
660 1193 889 1267 Quodsi
933 1192 1264 1252 saltatorem
1309 1209 1480 1250 avum
1526 1191 1827 1250 habuisses
1885 1210 2075 1269 neque
2130 1211 2265 1250 eum

371 1293 572 1362 virum,
619 1292 776 1350 unde
824 1290 1057 1369 pudoris
1113 1290 1538 1368 pudicitiaeque
1596 1291 1864 1367 exempla
1917 1301 2265 1368 peterentur,

371 1402 570 1449 tamen
599 1391 712 1450 hoc
742 1390 1112 1448 maledictum
1142 1389 1379 1448 minime
1414 1389 1475 1446 in
1517 1387 1675 1446 illam
1717 1399 1967 1448 aetatem
2000 1390 2267 1448 conveni-

373 1499 472 1548 ret.
559 1489 786 1562 Quibus
828 1489 923 1548 ille
968 1488 1170 1548 studiis
1223 1489 1297 1546 ab
1342 1488 1577 1547 ineunte
1627 1498 1813 1547 aetate
1870 1507 1931 1546 se
1989 1489 2266 1560 inbuerat,

372 1606 494 1647 non
524 1589 786 1660 saltandi,
819 1587 921 1646 sed
951 1589 1100 1646 bene
1128 1595 1193 1644 ut
1221 1587 1413 1658 armis,
1445 1587 1664 1662 optime
1704 1596 1768 1644 ut
1796 1587 1957 1663 equis
1996 1597 2267 1658 uteretur,

373 1704 443 1744 ea
497 1697 692 1745 tamen
748 1686 909 1744 illum
970 1696 1179 1744 cuncta
1247 1685 1363 1742 iam
1421 1694 1624 1744 exacta
1680 1695 1865 1744 aetate
1928 1685 2291 1744 defecerant·-

371 1784 576 1862 Itaque
605 1783 945 1844 Deiotarum
975 1801 1112 1842 cum
1139 1783 1334 1860 plures
1363 1783 1423 1839 in
1453 1801 1669 1859 equum
1699 1784 2079 1854 sustulissent,
2110 1785 2271 1862 quod

372 1881 604 1942 haerere
633 1883 693 1940 in
722 1901 794 1941 eo
833 1901 1010 1941 senex
1041 1891 1256 1960 posset,
1285 1881 1559 1939 admirari
1602 1881 1967 1954 solebamus;
2012 1882 2105 1941 hic
2134 1902 2271 1940 vero

371 1982 730 2055 adulescens,
783 1983 880 2059 qui
925 1999 1092 2040 meus
1140 1981 1199 2037 in
1248 1979 1453 2039 Cilicia
1497 1981 1679 2053 miles,
1723 1982 1781 2038 in
1826 1981 2075 2040 Graecia
2111 2001 2270 2041 com-

372 2080 558 2139 milito
589 2080 708 2151 fuit,
739 2098 874 2139 cum
906 2082 966 2138 in
999 2079 1098 2137 illo
1127 2088 1328 2138 nostro
1368 2080 1628 2137 exercitu
1664 2080 1943 2155 equitaret
1976 2099 2110 2138 cum
2152 2081 2271 2139 suis

372 2179 608 2237 delectis
636 2179 937 2255 equitibus
969 2196 1118 2255 quos
1161 2177 1280 2237 una
1321 2196 1457 2235 cum
1500 2196 1573 2235 eo
1602 2178 1678 2236 ad
1720 2176 2067 2255 Pompeium
2110 2190 2271 2255 pater

373 2277 624 2347 miserat,
658 2295 808 2353 quos
846 2294 1166 2335 concursus
1211 2275 1401 2334 facere
1446 2276 1689 2347 solebat,
1719 2295 1895 2353 quam
1945 2295 2005 2357 se
2041 2277 2269 2347 iactare,

373 2393 552 2452 quam
609 2385 915 2447 ostentare,
973 2394 1150 2451 quam
1207 2375 1424 2433 nemini
1481 2374 1540 2431 in
1596 2373 1691 2433 illa
1747 2394 1922 2435 causa
1977 2376 2169 2434 studio
2214 2385 2272 2433 et

370 2474 679 2550 cupiditate
731 2474 1089 2533 concedere!
1174 2473 1326 2535 Cum
1378 2493 1514 2532 vero
1559 2474 1813 2532 exercitu
1870 2473 2085 2533 amisso
2140 2492 2271 2550 eg0,
2296 2486 2359 2533 29

374 2574 471 2649 qui
501 2574 662 2649 pacis
691 2591 918 2649 semper
959 2581 1158 2631 auctor
1201 2572 1296 2643 fui,
1337 2566 1496 2652 [post
1538 2558 1931 2630 Pharsalicum
1961 2568 2271 2653 proelium]

375 2689 577 2730 suasor
616 2670 852 2729 fuissem
900 2688 1193 2730 armorum
1238 2688 1358 2728 non
1402 2670 1827 2746 ponendorum,
1875 2671 1977 2729 sed
2019 2672 2273 2729 abicien-

374 2770 598 2842 dorum,
629 2770 784 2828 hunc
826 2770 899 2827 ad
942 2788 1134 2827 meam
1172 2769 1571 2828 auctoritatem
1614 2788 1737 2827 non
1764 2770 1927 2845 potui
1968 2769 2269 2839 adducere,

373 2869 534 2946 quod
563 2879 618 2927 et
647 2868 770 2945 ipse
799 2868 1039 2926 ardebat
1068 2868 1255 2926 studio
1284 2867 1435 2925 illius
1464 2867 1598 2926 belli
1628 2876 1685 2925 et
1713 2868 1861 2944 patri
1892 2868 2028 2926 satis
2057 2867 2272 2927 facien-

375 2969 514 3027 dum
557 2984 682 3025 esse
725 2967 1120 3025 arbitrabatur.
1207 2965 1369 3025 Felix
1413 2966 1519 3023 ista
1562 2965 1791 3037 domUS,
1834 2983 1983 3042 quae
2024 2983 2145 3023 non
2187 2966 2272 3023 in-

374 3066 690 3143 punitatem
721 3064 910 3125 solum
940 3065 1152 3141 adepta
1181 3064 1270 3135 sit,
1293 3064 1395 3123 sed
1425 3064 1743 3123 accusandi
1765 3064 1937 3121 etiam
1964 3063 2271 3134 licentiam,

373 3165 742 3223 calamitosus
784 3162 1110 3235 DeiotaruS,
1143 3162 1243 3241 qui
1284 3173 1340 3222 et
1383 3165 1458 3222 ab
1487 3181 1576 3235 eo,
1607 3163 1706 3239 qui
1749 3163 1809 3220 in
1851 3162 2037 3221 isdem
2067 3164 2270 3220 castris

373 3263 554 3335 fuerit,
585 3272 642 3321 et
684 3281 804 3321 non
848 3263 1030 3322 modo
1056 3260 1214 3338 apud
1243 3272 1316 3333 te,
1343 3262 1454 3321 sed
1492 3262 1667 3320 etiam
1696 3279 1732 3319 a
1774 3261 1891 3319 suis
1933 3264 2272 3320 accusetur!

375 3361 502 3419 Vos
555 3370 741 3419 vestra
797 3360 1051 3420 secunda
1105 3359 1354 3433 fortuna,
1415 3360 1639 3431 Castor,
1687 3378 1808 3419 non
1856 3359 2093 3435 potestis
2148 3360 2273 3417 sine

371 3461 834 3539 propinquorum
863 3459 1186 3519 calamitate
1214 3478 1342 3519 esse
1372 3461 1675 3519 contenti?
