2727 3901
441 232 523 279 20
987 228 1071 277 M.
1124 227 1350 279 TULLJ
1392 191 1611 278 CJCER
1619 227 1794 277 oms

439 386 608 459 nolle,
658 387 816 446 aliud
861 397 950 446 est
993 387 1147 448 nolle
1192 387 1464 446 misereri.
1550 387 1711 446 Tum
1760 386 2017 446 diceres:
2066 389 2079 415 ‘
2105 386 2336 458 Caesar,

439 505 576 545 cave
617 485 818 545 credas
838 505 856 559 3
900 485 1004 544 fuit
1044 486 1105 544 in
1133 485 1346 558 Africa,
1378 485 1501 544 tulit
1528 504 1691 544 arma
1720 495 1924 545 contra
1950 493 2007 543 te
2031 485 2079 542 1’
2163 483 2338 542 Nunc

437 583 578 660 quid
620 584 806 643 dicis?
890 588 904 614 ‘
929 584 1086 644 Cave
1128 584 1401 662 ignoscas
1424 586 1437 643 1
1462 580 1477 604 '
1564 583 1735 642 Haec
1774 601 1885 642 nec
1927 582 2179 642 hominis
2227 601 2337 642 nec

437 682 514 741 ad
568 682 873 741 hominem
926 701 1041 742 vox
1099 692 1203 743 est.
1287 681 1427 754 Qua
1481 682 1583 758 qui
1644 681 1803 758 apud
1858 691 1933 752 te,
1986 680 2055 740 C.
2103 680 2339 749 Caesar,

438 780 632 852 utitur,
663 798 827 840 suam
858 780 1026 841 citius
1059 781 1271 844 abiciet
1306 780 1725 840 humanitatem
1765 797 1943 857 quam
1980 778 2340 856 extorquebit

436 889 616 937 tuam.

439 1043 524 1108 (55
578 1043 778 1107 17-19).
867 1044 970 1093 ne
998 1043 1163 1093 action
1193 1043 1257 1108 of
1270 1043 1515 1108 Ligurius
1544 1059 1649 1091 was
1681 1059 1745 1092 no
1780 1043 1934 1092 crime
1973 1041 2179 1105 (scelus)
2196 1056 2213 1090 .·
2244 1041 2341 1106 for

571 1124 646 1188 (a)
673 1141 737 1176 no
753 1141 842 1175 one
859 1125 948 1174 but
970 1126 1158 1175 Tubero
1173 1142 1288 1176 ever
1303 1125 1583 1175 attributed
1587 1125 1692 1173 this
1710 1130 1757 1174 to
1774 1125 1854 1174 the
1871 1125 2309 1188 Pompeianpariy
2323 1141 2340 1171 .-

571 1207 654 1274 (b)
677 1216 765 1258 not
792 1211 978 1259 Caesar
1006 1208 1238 1275 himself:
1255 1207 1353 1274 for
1384 1209 1430 1258 it
1456 1224 1561 1256 was
1589 1213 1676 1256 not
1701 1209 1827 1256 with
1859 1207 2124 1257 crimina&⁸
2150 1207 2263 1256 that
2282 1207 2342 1257 he

569 1291 746 1355 sought
777 1298 823 1341 to
850 1293 990 1341 make
1011 1299 1157 1356 peace
1171 1308 1195 1352 ;
1227 1291 1284 1356 if
1303 1291 1365 1340 he
1396 1291 1503 1340 had
1530 1291 1652 1340 done
1686 1305 1752 1351 so,
1785 1291 1845 1339 Ιιι
1881 1290 2053 1340 would
2073 1289 2199 1339 have
2228 1290 2343 1340 been

571 1389 636 1422 no
673 1379 787 1423 true
815 1374 1024 1438 patriot.
1097 1374 1168 1439 (c)
1191 1373 1326 1422 Each
1347 1380 1507 1438 party
1535 1373 1643 1422 had
1658 1372 1901 1437 patriotic
1926 1372 2216 1433 intentiores,
2239 1373 2349 1420 and

569 1471 602 1504 a
617 1455 748 1518 good
761 1471 905 1505 causo
937 1455 1047 1504 and
1072 1471 1142 1504 an
1175 1455 1399 1504 eminent
1431 1454 1608 1502 leader.
1686 1455 1775 1502 We
1806 1469 1901 1503 can
1928 1454 2046 1516 only
2074 1459 2234 1518 accept
2260 1453 2341 1516 the

571 1537 761 1586 ver-dict
777 1537 839 1602 os
849 1539 1078 1598 Heaven,
1099 1537 1212 1586 that
1237 1537 1425 1588 Caesar
1442 1536 1549 1585 had
1563 1535 1645 1586 the
1667 1536 1818 1586 better
1835 1551 1995 1585 cause.

353 1655 414 1706 17
527 1652 594 1708 6.
637 1654 726 1713 Ac
768 1654 990 1731 primus
1032 1654 1220 1714 aditus
1265 1664 1321 1714 et
1362 1653 1670 1731 postulatio
1714 1653 2047 1713 Tuberonis
2089 1653 2250 1725 haec,
2280 1665 2344 1712 ut

443 1753 666 1830 opinor,
711 1752 832 1827 fuit,
877 1752 1020 1812 velle
1063 1771 1125 1812 se
1168 1753 1240 1812 de
1283 1751 1362 1824 Q.
1404 1751 1600 1828 Ligari
1652 1752 1867 1811 scelere
1910 1751 2113 1811 dicere.
2199 1749 2343 1811 Non

444 1851 663 1922 dubito,
694 1851 837 1928 quin
878 1851 1193 1910 admiratus
1236 1851 1332 1922 sis,
1361 1850 1453 1909 vel
1496 1850 1655 1927 quod
1699 1849 1769 1908 de
1812 1849 1971 1908 nullo
2016 1850 2129 1908 alio
2163 1845 2343 1930 [quis—

444 1945 667 2031 quam],
689 1948 780 2008 vel
801 1949 959 2027 quod
977 1949 1041 2022 is,
1062 1949 1161 2028 qui
1190 1949 1250 2007 in
1279 1949 1487 2009 eadem
1509 1967 1686 2008 causa
1715 1948 1931 2022 fuisset,
1954 1948 2039 2007 vel
2061 1948 2344 2026 quidnam

443 2048 576 2108 novi
607 2043 896 2129 [sceleris]
925 2047 1188 2107 adferret.
1273 2053 1289 2080 ‘
1316 2044 1550 2107 Scelus'
1582 2058 1644 2105 tu
1673 2047 1814 2106 illud
1844 2066 2037 2119 vocaS‚
2058 2046 2343 2105 Tubero?

445 2148 587 2205 cur?
656 2146 770 2205 isto
824 2147 981 2206 enim
1036 2146 1273 2206 nomine
1333 2146 1432 2205 illa
1488 2144 1679 2204 adhuc
1727 2164 1902 2205 causa
1948 2146 2144 2204 caruit.
2228 2144 2343 2203 Alii

442 2261 696 2303 errorem
737 2243 1043 2321 appellant,
1073 2244 1169 2303 alii
1212 2245 1502 2315 timorem,
1532 2244 1630 2320 qui
1668 2243 1879 2317 duriuS‚
1913 2262 2096 2321 spem,
2126 2242 2343 2319 cupidi-

444 2353 636 2413 tatem,
682 2342 900 2413 odium,
943 2343 1336 2419 pertinaciam,
1383 2342 1484 2420 qui
1526 2342 1879 2417 gravissime,
1921 2343 2341 2412 temeritatem,-

445 2442 632 2501 scelus
673 2450 896 2518 praeter
937 2449 992 2499 te
1035 2439 1223 2499 adhuc
1269 2457 1466 2499 nem0.
1549 2440 1641 2500 Ac
1669 2441 1812 2498 mihi
1841 2441 2096 2519 quidem,
2126 2441 2175 2499 si
2203 2458 2342 2516 pro-

443 2540 632 2616 prium
693 2549 751 2598 et
805 2556 1006 2597 verum
1062 2557 1284 2597 nomen
1354 2538 1537 2598 nostri
1603 2539 1739 2597 mali
1795 2539 2100 2616 quaeritur,
2156 2537 2343 2596 fatalis

446 2636 738 2714 quaedam
754 2637 1052 2696 calamitas
1075 2636 1342 2695 incidisse
1362 2637 1585 2695 videtur
1605 2649 1663 2696 et
1684 2637 2017 2712 inprovidas
2036 2637 2343 2695 hominum

446 2745 670 2795 mentes
703 2736 1096 2811 occupavisse,
1124 2744 1187 2793 ut
1220 2753 1398 2793 nemo
1436 2735 1629 2794 mirari
1664 2734 1873 2794 debeat
1914 2735 2170 2793 humana
2202 2752 2344 2793 con-

356 2844 416 2891 18
445 2834 569 2893 silia
596 2833 789 2893 divina
815 2834 1163 2893 necessitate
1191 2851 1317 2892 esse
1347 2844 1632 2911 superata.
1709 2832 1910 2892 Liceat
1941 2852 2069 2892 esse
2096 2833 2343 2893 miseros

445 2930 828 3010 (quamquam
879 2930 993 2990 hoc
1044 2932 1258 2990 victore
1309 2948 1438 2989 esse
1487 2950 1608 2991 non
1663 2950 1974 3008 possumus
1991 2951 2007 3004 ;
2068 2931 2173 2990 sed
2222 2949 2344 2990 non

443 3029 656 3107 loquor
696 3030 769 3089 de
810 3030 996 3101 nobiS‚
1041 3030 1115 3089 de
1157 3028 1264 3087 illis
1306 3029 1533 3106 loquor,
1577 3030 1677 3107 qui
1719 3026 2093 3109 occiderunt),
2134 3030 2345 3088 fuerint

451 3128 666 3205 cupidi,
729 3128 937 3188 fuerint
1004 3128 1150 3200 irati,
1210 3127 1421 3187 fuerint
1489 3129 1849 3204 pertinaces3
1923 3128 2156 3187 sceleris
2205 3145 2343 3187 vero

449 3226 706 3297 crimine,
754 3226 978 3299 furoris,
1025 3226 1314 3303 parricidii
1369 3225 1537 3285 liceat
1595 3226 1704 3286 Cn.
1755 3225 2040 3303 Pompeio
2094 3237 2343 3297 mortu0‚

447 3324 615 3383 liceat
656 3325 848 3383 multis
885 3325 1010 3383 aliis
1052 3343 1262 3385 carere.
1349 3324 1605 3397 Quando
1646 3326 1761 3385 hoc
1803 3325 2113 3403 quisquam
2154 3343 2227 3384 ex
2270 3334 2345 3394 te,

452 3420 684 3494 Caesar,
713 3422 943 3494 audivit,
972 3432 1070 3481 aut
1112 3433 1210 3482 tua
1252 3423 1395 3501 quid
1436 3422 1592 3483 aliud
1626 3442 1788 3484 arma
1816 3423 2118 3485 voluerunt
2157 3423 2268 3483 nisi
2310 3442 2345 3480 a
