2727 3901
539 247 681 296 ΡΜ
724 247 934 296 REGE
975 247 1366 298 DEIOTARO
1416 249 1707 300 ORATIO.
1798 237 1869 320 §5
1919 249 2149 318 22-25.
2213 256 2295 321 39

404 424 630 465 servum
659 407 989 466 iudicatum.
1074 407 1214 466 Non
1245 409 1503 480 arbitror,
1535 427 1658 468 non
1698 409 1922 482 audivi3
1967 411 2071 469 sed
2104 411 2166 468 in
2204 429 2291 482 eo,

401 506 623 562 etiarnsi
652 506 972 577 accidisset,
1004 506 1238 582 culpam
1267 508 1422 582 regis
1453 507 1669 566 nullam
1700 507 1874 568 fuisse
1902 509 2224 586 arbitrarer.

402 688 486 748 (55
523 687 720 750 24-27).
781 687 990 735 Answer
1023 695 1078 738 to
1120 687 1216 752 (b),
1255 687 1325 752 [v.
1357 691 1384 747 5
1427 688 1541 752 22]:
1588 693 1604 716 ‘
1621 689 1895 738 Deiotarus
1932 691 2158 753 expected
2188 691 2301 738 that

535 770 576 818 C
575 784 719 817 aesar
737 771 908 818 would
907 769 1038 833 find
1053 770 1501 834 himselfhemmed
1518 771 1577 820 in
1599 779 1655 819 at
1675 769 2031 821 Alexandria)
2096 775 2173 821 At
2198 788 2299 834 any

530 857 639 900 rate
660 852 721 900 he
741 867 847 900 was
868 852 1004 914 loyal
1019 859 1067 901 to
1072 868 1212 914 your
1231 869 1375 902 cause
1390 855 1447 902 in
1470 855 1600 902 Asia
1622 855 1699 902 all
1708 854 1821 902 that
1841 854 1961 902 time
1983 856 2094 903 and
2108 855 2306 917 during

529 934 610 982 the
633 933 852 998 African
887 950 1030 984 war:
1061 935 1124 983 in
1155 936 1279 998 spite
1307 935 1370 998 of
1388 936 1468 984 the
1501 943 1635 1000 story
1666 937 1730 1000 of
1739 935 1821 984 his
1821 937 1915 1000 joy
1936 945 1993 985 at
2020 954 2053 984 a
2083 954 2300 986 rumour

527 1016 642 1064 that
678 1017 720 1066 C
719 1032 771 1064 n.
807 1016 1070 1065 Domitius
1105 1018 1353 1066 Calvinus
1386 1018 1491 1068 had
1512 1019 1751 1083 perislzea'
1782 1019 1849 1080 by'
1874 1019 2161 1082 shzsswreck,
2196 1020 2306 1068 and

528 1098 641 1146 that
648 1113 754 1160 you
786 1114 913 1146 were
935 1099 1156 1162 besieged.
1231 1099 1313 1164 (55
1347 1099 1530 1165 26—27)
1571 1101 1673 1152 Tlu
1702 1116 1901 1149 accuser
1919 1115 2029 1164 goes
2056 1116 2107 1149 so
2120 1101 2225 1165 sar
2242 1118 2299 1150 as

528 1186 576 1229 to
608 1196 696 1243 say
717 1180 825 1229 that
849 1181 932 1230 the
960 1183 1090 1244 king
1106 1188 1193 1246 got
1221 1183 1393 1230 dmnk
1422 1184 1531 1231 and
1542 1183 1732 1232 danced
1756 1189 1812 1232 at
1843 1183 1927 1232 the
1947 1199 2097 1232 news.
2173 1184 2298 1232 This

529 1263 573 1310 is
593 1263 926 1311 contradicted
942 1263 1002 1326 by
1023 1265 1103 1312 the
1126 1263 1281 1313 whole
1298 1271 1480 1314 tenour
1500 1263 1563 1328 of
1576 1263 1865 1314 Deiotarus’
1875 1270 1996 1328 past
2014 1265 2120 1329 lzJ'e'.

447 1405 452 1410 ’
487 1389 566 1450 9.'
597 1377 818 1456 Alieno·
837 1408 1030 1457 autem
1059 1417 1093 1456 a
1121 1408 1178 1458 te
1207 1400 1410 1458 animo
1436 1398 1540 1457 fuit
1569 1418 1687 1476 quo
1716 1400 1935 1458 modo?
2021 1399 2294 1476 Speravit‚

399 1494 594 1566 cred0,
653 1495 910 1554 difficiles
977 1497 1077 1554 tibi
1150 1496 1543 1556 Alexandriae
1609 1497 1733 1555 fore
1802 1499 1990 1556 exitus
2061 1508 2299 1574 propter

397 1591 698 1668 regionum
754 1603 1022 1652 naturam
1079 1605 1137 1653 et
1201 1595 1474 1652 fluminis,
1586 1595 1666 1654 At
1721 1613 1795 1654 eo
1852 1607 2114 1672 tempore
2168 1597 2298 1672 ipso

395 1691 704 1766 pecuniam
749 1691 920 1763 dedit,
972 1693 1286 1752 exercitum
1346 1693 1505 1764 aluit,
1557 1694 1627 1766 ei,
1680 1711 1853 1770 quem
1908 1693 2083 1752 Asiae
2132 1713 2297 1770 prae-

394 1787 628 1863 feceraS,
686 1791 746 1847 in
802 1790 960 1848 nulla
1015 1809 1076 1848 re
1126 1790 1338 1862 defuit;
1387 1792 1492 1849 tibi
1546 1793 1744 1850 victori
1795 1811 1917 1850 non
1974 1791 2163 1852 solum
2218 1793 2293 1852 ad

396 1888 729 1966 hospitium,
764 1889 866 1948 sed
898 1890 977 1948 ad
1002 1891 1322 1968 periculum
1350 1891 1523 1949 etiam
1554 1901 1726 1969 atque
1755 1891 1830 1948 ad
1852 1891 2035 1950 aciem
2064 1901 2297 1969 praesto

397 1986 514 2045 suit.
602 1988 875 2047 Secutum
942 1989 1161 2048 bellum
1198 1998 1317 2070 ⁸est
1371 1990 1729 2049 Africanum.
1816 1989 2037 2049 Graves
2094 1991 2167 2049 de
2240 2001 2294 2050 te
2320 2004 2383 2051 25

397 2094 673 2160 rumores,
702 2088 803 2164 qui
830 2089 1002 2146 etiam
1031 2088 1311 2147 furiosum
1347 2088 1509 2146 illum
1539 2088 1858 2147 Caecilium
1889 2090 2293 2149 excitaverunt.

397 2180 537 2252 Quo
593 2190 718 2239 tum
767 2199 867 2239 rex
929 2183 1126 2241 animo
1170 2182 1290 2254 fuit,
1349 2184 1450 2259 qui
1509 2184 1871 2241 auctionatus
1928 2184 1997 2240 sit
2053 2201 2294 2260 seseque

321 2282 327 2287 “
397 2278 640 2356 spoliare
668 2278 928 2338 maluerit
956 2298 1131 2356 quam
1169 2281 1271 2339 tibi
1308 2280 1620 2357 pecuniam
1663 2299 1785 2339 non
1824 2280 2294 2339 subministrare?

399 2382 413 2405 ‘
432 2377 514 2435 At
568 2375 679 2449 eo‚'
734 2378 936 2455 inquit,
993 2384 1008 2409 ‘
1031 2389 1294 2455 tempore
1348 2380 1478 2456 ipso
1537 2378 1821 2437 Nicaeam
1876 2378 2295 2455 Ephesumque

394 2476 674 2547 mittebat,
705 2478 802 2553 qui
830 2494 1093 2536 rumores
1121 2476 1428 2536 Africanos
1470 2478 1801 2553 exciperent
1828 2487 1884 2535 et
1922 2476 2181 2536 celeriter
2218 2477 2295 2535 ad

397 2591 458 2632 se
500 2573 785 2633 referrent.
869 2575 1092 2651 Itaque,
1123 2593 1260 2633 cum
1301 2586 1454 2635 esset
1496 2576 1549 2633 ei
1592 2576 1921 2633 nuntiatum
1966 2573 2293 2633 Domitium

396 2671 700 2747 naufragio
728 2672 961 2749 perisse,
993 2683 1049 2731 te
1090 2674 1150 2730 in
1190 2673 1432 2733 castello
1473 2674 1897 2745 circumsederi,
1929 2674 2001 2732 de
2030 2672 2294 2734 Domitio

396 2770 537 2829 dixit
583 2788 811 2829 versum
862 2770 1156 2830 Graecum
1203 2772 1409 2830 eadem
1458 2772 1756 2845 sententia,
1809 2790 1926 2848 qua
1969 2772 2141 2829 etiam
2183 2790 2293 2830 nos

394 2868 678 2927 habemus
707 2868 1021 2927 Latinum:
1113 2860 1124 2871 ’

617 2966 862 3025 Perean't
890 2968 1078 3039 amici,
1109 2967 1248 3025 dum
1278 2968 1495 3027 inimici
1523 2987 1641 3026 una
1668 2966 2046 3027 intercidant?

396 3064 580 3136 Quod
624 3065 732 3137 ille,
785 3066 833 3123 si
877 3076 1028 3124 esset
1076 3066 1177 3123 tibi
1232 3066 1675 3138 inimicissimuS,
1729 3084 2051 3142 numquam
2094 3076 2291 3124 tamen

393 3162 662 3235 dixisset3
732 3164 857 3239 ipse
916 3164 1072 3221 enim
1129 3174 1483 3235 mansuetus,
1541 3183 1736 3223 versus
1793 3165 2057 3223 inmanis,
2170 3164 2292 3236 Qui

394 3269 587 3319 autem
628 3260 890 3320 Domitio
933 3271 1156 3339 poterat
1197 3280 1324 3321 esse
1369 3263 1604 3335 amicus,
1637 3263 1735 3339 qui
1763 3263 1866 3320 tibi
1908 3273 2057 3322 esset
2099 3262 2289 3321 inimi-

394 3360 542 3418 cus?
626 3358 761 3417 Tibi
790 3378 966 3436 porro
995 3360 1264 3419 inimicus
1295 3379 1400 3419 cur
1427 3371 1595 3433 esset,
1626 3380 1661 3419 a
1690 3378 1808 3437 quo
1836 3379 1972 3419 cum
2000 3360 2090 3419 vel
2119 3362 2289 3422 inter-

393 3456 486 3515 fici
528 3457 661 3516 belli
702 3458 830 3535 lege
875 3459 1174 3535 potuisset,
1205 3477 1403 3536 regem
1446 3469 1503 3517 et
1544 3477 1608 3519 se
1637 3469 1694 3518 et
1731 3458 1911 3517 filium
1953 3477 2123 3518 suum
2151 3478 2289 3519 con-
