2727 3901
489 249 576 309 44
1031 242 1123 298 ·M.
1178 247 1402 298 TULLJ
1445 248 1849 300 CICERONIS

485 403 664 462 'videri
703 404 932 480 potest?
1016 403 1172 464 Nam
1217 406 1287 464 de
1332 417 1519 466 statua
1559 409 1688 486 quis
1736 409 2011 487 queritur,
2055 429 2173 468 una
2219 428 2387 487 prae·
2488 475 2493 478 ,

491 501 701 575 sertim,
732 521 866 561 cum
897 513 1017 561 tam
1046 505 1250 563 multas
1280 505 1509 564 videat?
1594 506 1781 567 Valde
1816 508 1972 566 enim
2013 508 2385 566 invidendum

489 609 576 658 est
620 600 741 659 eius
776 603 992 673 statuis,
1037 603 1200 662 cuius
1240 605 1491 680 tropaeis
1535 624 1655 664 non
1696 605 2033 664 invidemus,
2117 603 2293 679 Nam,
2340 607 2386 664 si

487 699 652 757 locus
714 697 895 757 adfert
952 699 1238 772 invidiam,
1297 701 1489 761 nullus
1564 698 1783 784 [locus]
1839 713 1926 762 est
1994 703 2069 762 ad
2140 714 2385 762 statuam

486 796 724 872 quidem
779 799 976 856 rostris
1021 798 1238 859 clarior.
1322 800 1415 859 De
1460 801 1667 878 plausu
1712 811 1905 860 autem
1954 801 2097 878 quid
2146 820 2385 878 respon-

489 895 702 954 deam?
747 895 845 972 qui
871 914 980 954 nec
998 895 1356 956 desideratus
1378 916 1659 975 umquam
1687 899 1749 955 in
1778 907 1836 957 te
1865 908 1952 957 est
1982 909 2039 958 et
2068 917 2190 957 non
2211 917 2381 957 num-

488 1011 666 1070 quam
688 993 1100 1070 obstupefactis
1116 995 1451 1055 hominibus
1474 997 1600 1073 ipsa
1618 997 1999 1056 admiratione
2017 1015 2387 1074 compressus

487 1101 575 1150 est
630 1101 687 1151 et
741 1092 981 1152 fortasse
1037 1112 1110 1153 eo
1165 1095 1622 1170 praetermissuS,
1675 1095 1811 1171 quia
1856 1096 1996 1154 nihil
2045 1095 2282 1174 vulgare
2330 1105 2386 1155 te

488 1191 731 1268 dignum
762 1191 939 1250 videri
966 1202 1173 1268 potest.

487 1392 822 1439 Peroration
847 1390 930 1453 (ξς
957 1391 1155 1453 35-41).
1227 1395 1241 1420 ‘
1258 1393 1298 1440 I
1320 1390 1504 1440 should
1528 1391 1626 1441 like
1659 1398 1708 1441 to
1725 1391 1851 1442 'close
1884 1408 1967 1455 my
1999 1409 2102 1442 case
2135 1393 2194 1455 by
2228 1408 2388 1442 recon-

615 1471 779 1534 ciling
807 1489 911 1536 you
945 1474 1216 1538 completely
1254 1481 1303 1522 to
1338 1474 1627 1524 Deiotarus.
1693 1475 1775 1524 Do
1808 1481 1894 1524 not
1927 1476 2147 1539 imagine
2186 1475 2297 1536 that
2329 1475 2388 1523 lle

615 1554 753 1603 bears
763 1571 870 1618 you
901 1572 1029 1605 some
1053 1558 1246 1620 grudge
1278 1557 1474 1606 because
1494 1573 1599 1620 you
1638 1558 1743 1606 took
1771 1573 1920 1622 away
1942 1564 2069 1622 part
2099 1558 2163 1621 of
2188 1559 2269 1607 his
2306 1557 2389 1607 do-

617 1637 852 1686 mim'ons.
928 1639 1031 1687 The
1051 1640 1258 1688 similar
1275 1656 1380 1689 case
1401 1639 1463 1703 of
1480 1640 1774 1688 Antiochus.
1842 1641 1970 1689 And
1974 1656 2081 1703 you
2102 1640 2191 1704 ἰῷ
2209 1647 2258 1689 to
2280 1639 2387 1688 kim

616 1720 727 1768 and
753 1720 833 1768 his
865 1737 951 1770 son
985 1722 1066 1770 the
1098 1722 1273 1786 king&
1306 1722 1433 1772 title.
1500 1723 1759 1771 Moreover
1792 1724 1844 1785 (ξ
1883 1723 1968 1785 37)
1997 1723 2059 1770 he
2086 1723 2278 1772 retains
2307 1723 2389 1771 the

619 1817 834 1866 memorat
860 1803 1112 1868 ofdecrees
1139 1803 1201 1868 of
1219 1804 1298 1853 the
1325 1806 1504 1853 Senate
1534 1805 1646 1852 and
1670 1804 1733 1868 of
1742 1807 1971 1868 generals
2001 1805 2063 1869 of
2074 1804 2227 1853 Rome
2250 1805 2390 1853 made

618 1883 678 1932 in
713 1883 793 1932 his
826 1884 1051 1934 honour:
1084 1885 1195 1934 and
1215 1885 1318 1935 also
1345 1887 1427 1934 the
1458 1887 1813 1936 consciousness
1846 1887 1909 1950 of
1927 1887 2008 1935 his
2040 1902 2153 1936 own
2186 1885 2387 1936 virtue?

623 1966 845 2017 Caesar-'s
875 1985 990 2017 own
1023 1971 1167 2019 letter
1197 1978 1246 2019 to
1280 1970 1405 2019 him.
1480 1970 1529 2033 (5
1570 1971 1653 2035 39)
1689 1972 1745 2020 It
1778 1970 1951 2019 would
1984 1976 2141 2019 create
2169 1986 2202 2018 a
2238 1968 2388 2018 wide-

615 2051 797 2113 spread
800 2051 1005 2115 feeling
1030 2051 1093 2115 os
1106 2052 1395 2102 uneasiness
1429 2052 1486 2116 tf
1498 2053 1687 2102 Caesar
1712 2068 1841 2101 were
1862 2059 1910 2103 to
1936 2054 2106 2103 revoke
2136 2052 2218 2101 his
2241 2057 2321 2101 act
2341 2050 2403 2114 of

609 2147 757 2195 grace
779 2135 997 2183 towards
1016 2136 1306 2185 Deiotarus.

397 2293 460 2341 35
574 2273 688 2329 13-
734 2275 892 2335 Nihil
921 2296 955 2335 a
984 2296 1080 2335 me
1123 2279 1369 2335 arbitror
1407 2277 1889 2353 praetermissum,
1924 2276 2026 2335 sed
2059 2276 2277 2354 aliquid
2314 2276 2389 2334 ad

487 2386 812 2436 extremam
853 2394 1064 2434 causae
1107 2385 1332 2451 partem
1376 2384 1746 2433 reservatum.
1831 2374 1904 2433 Id
1940 2385 2135 2434 autem
2175 2374 2388 2451 aliquid

487 2487 591 2548 est,
632 2485 688 2534 te
733 2485 795 2534 ut
839 2475 1012 2550 plane
1062 2472 1341 2532 Deiotaro
1399 2473 1731 2531 reconciliet
1786 2474 1971 2532 oratio
2015 2492 2163 2532 mea.
2249 2473 2389 2532 Non

487 2575 643 2633 enim
690 2575 807 2632 iam
850 2584 1065 2643 metuo,
1109 2591 1184 2630 ne
1226 2583 1290 2630 tu
1331 2572 1411 2629 illi
1460 2590 1818 2643 suscenseaS,
1862 2571 2004 2631 illud
2046 2590 2270 2641 vereor,
2314 2590 2388 2629 ne

487 2674 588 2731 tibi
625 2672 786 2730 illum
826 2690 1159 2729 suscensere
1203 2670 1421 2747 aliquid
1458 2670 1783 2747 suspicere;
1831 2671 1992 2747 quod
2023 2672 2185 2729 abest
2223 2670 2389 2747 long-

486 2763 696 2841 issime,
741 2770 881 2827 mihi
925 2770 1112 2841 crede,
1160 2768 1395 2828 Caesar.
1483 2768 1642 2841 Quid
1688 2769 1845 2827 enim
1886 2769 2127 2828 retineat
2168 2788 2271 2845 per
2314 2778 2387 2839 te,

488 2867 768 2939 meminit,
826 2886 946 2927 non
1009 2866 1147 2945 quid
1196 2867 1465 2938 amiserit,
1522 2885 1712 2944 neque
1771 2886 1832 2926 se
1887 2886 1923 2925 a
1979 2877 2035 2926 te
2082 2866 2388 2925 multatum

489 2967 806 3037 arbitratur,
855 2965 974 3037 sed,
1025 2984 1160 3025 cum
1211 2966 1565 3025 existimares
1613 2965 1806 3025 multis
1864 2966 1966 3023 tibi
2023 2964 2207 3023 multa
2262 2982 2387 3023 esse

491 3065 812 3137 tribuenda,
845 3083 963 3141 quo
1006 3064 1198 3122 minus
1240 3084 1276 3122 a
1318 3082 1399 3134 se,
1424 3064 1523 3142 qui
1566 3064 1626 3122 in
1669 3064 1849 3123 altera
1875 3073 2034 3140 parte
2076 3062 2288 3135 fuisset,
2319 3081 2389 3121 ea

401 3175 464 3223 36
492 3182 767 3237 sumereS,
816 3181 936 3222 non
980 3163 1280 3222 recusavit.
1366 3161 1617 3233 Etenim,
1670 3162 1717 3220 si
1762 3161 2089 3221 Antiochus
2134 3160 2389 3237 Magnus

491 3263 601 3333 ille,
643 3282 746 3321 rex
789 3264 983 3335 Asiae,
1026 3281 1180 3335 cum,
1211 3273 1598 3340 posteaquam
1636 3280 1671 3321 a
1701 3261 1769 3319 L.
1817 3261 2088 3338 Scipione
2132 3262 2389 3321 devictus

490 3368 582 3432 est,
629 3360 833 3420 Tauro
883 3370 1053 3421 tenus
1103 3380 1346 3437 regnare
1392 3362 1585 3421 iussus
1636 3370 1790 3420 esset
1839 3378 2195 3437 omnemque
2241 3360 2388 3417 hanc

492 3460 712 3531 Asiam,
743 3478 893 3537 quae
934 3471 1022 3519 est
1062 3479 1218 3520 nunc
1260 3469 1460 3521 nostra
1501 3460 1814 3537 provincia,
1859 3458 2160 3531 amisisset,
2203 3456 2388 3517 dicere
