2727 3901
460 229 485 272 1
498 210 540 272 6
999 224 1082 286 M.
1136 221 1365 272 παι]
1407 221 1812 272 CICERONIS

451 383 856 442 necessitatem
897 383 1068 440 etiam
1112 381 1439 442 honestam.
1523 381 1686 460 Ergo
1729 381 1873 441 haec
1921 382 2041 441 duo
2089 392 2355 458 tempora

451 491 649 541 carent
673 482 936 554 crimine,
965 488 1164 552 unum,
1194 499 1328 540 curn
1368 492 1455 539 est
1484 480 1705 557 legatus
1746 480 2055 558 profectuS,
2085 481 2351 551 alterum,

451 598 586 638 cum
654 579 1013 656 ecflagitatus
1069 598 1104 637 a
1157 579 1457 656 provincia
1523 579 1889 656 praepositus
1948 579 2175 638 Africae
2246 589 2350 638 est.

393 683 424 731 5
450 676 716 736 Tertium
758 689 986 755 tempus
1028 689 1130 749 est,
1163 677 1325 755 quod
1365 687 1500 755 post
1542 677 1853 736 adventum
1882 677 2025 736 Vari
2065 679 2126 736 in
2156 676 2352 737 Africa

449 777 682 848 restitit;
721 776 885 854 quod
928 777 975 836 si
1013 787 1107 836 est
1148 777 1543 850 criminosum,
1585 777 1941 835 necessitatis
1983 777 2203 835 crimen
2246 788 2349 847 est,

447 892 571 933 non
613 876 938 935 voluntatis.
1024 876 1121 932 An
1147 875 1260 945 ille,
1291 875 1338 932 si
1381 876 1662 951 potuisset
1700 875 1822 933 ullo
1864 874 2043 934 modo
2087 873 2347 945 evadere,

448 971 654 1033 Uticae
681 992 861 1050 quam
893 974 1140 1046 Romae,
1173 992 1307 1032 cum
1338 972 1404 1031 P.
1434 973 1595 1031 Attio
1624 991 1804 1050 quam
1841 991 1978 1032 cum
2012 973 2349 1033 concordis-

448 1072 608 1131 simis
637 1071 922 1145 fratribuS,
942 1091 1076 1131 cum
1105 1072 1305 1130 alienis
1328 1089 1463 1130 esse
1493 1089 1670 1148 quam
1700 1090 1835 1131 curn
1865 1071 1981 1131 suis
2010 1071 2347 1131 maluisset?

448 1171 602 1231 Cum
643 1172 771 1248 ipsa
811 1171 1023 1247 legatio
1065 1170 1239 1248 plena
1278 1170 1544 1229 desiderii
1586 1189 1655 1228 ac
1705 1170 2103 1228 sollicitudinis
2151 1168 2348 1228 fuisset

401 1325 408 1330 .
445 1279 685 1346 propter
711 1270 1111 1329 incredibilem
1141 1269 1437 1346 quendam
1465 1267 1705 1326 fratrum
1734 1287 2011 1338 amorem,
2034 1266 2128 1326 hic
2155 1285 2347 1345 aequo

446 1367 644 1426 animo
673 1386 799 1428 esse
830 1369 1015 1444 potuit
1043 1367 1178 1426 belli
1213 1367 1455 1426 discidio
1483 1366 1785 1426 distractus
1814 1383 1852 1425 a
1878 1366 2181 1425 fratribus?

448 1536 736 1582 Tractatio
761 1535 844 1596 (55
869 1531 1043 1597 6-29),
1066 1547 1126 1581 or
1144 1530 1387 1595 handling
1407 1530 1469 1581 of
1482 1531 1569 1582 the
1588 1531 1783 1596 charge.

446 1617 488 1666 I.
513 1619 596 1679 (55
627 1615 746 1680 6-9)
775 1617 1058 1679 [Oaptatio
1090 1617 1524 1664 benevolentiae
1552 1615 1771 1679 iudicis}
1836 1613 1939 1664 The
1966 1620 2135 1664 orator
2160 1613 2346 1664 throws

575 1697 787 1762 himself
795 1713 862 1746 on
888 1696 1109 1746 Caesar’s
1130 1698 1427 1760 generosity.
1498 1701 1512 1726 ‘
1528 1699 1669 1746 Hero
1696 1696 1741 1745 is
1768 1698 2039 1759 clemencyt
2060 1713 2169 1760 you
2199 1697 2347 1745 allow

573 1783 652 1830 M.
681 1780 849 1829 Cicero
879 1787 929 1828 to
960 1780 1141 1845 defend
1167 1780 1380 1828 another
1407 1786 1465 1828 at
1484 1795 1625 1843 your
1653 1797 1767 1828 own
1802 1780 1895 1829 bar
1925 1787 2058 1843 upon
2096 1795 2129 1826 a
2168 1779 2345 1842 charge

575 1863 742 1912 under
772 1861 936 1911 which
973 1862 1033 1910 he
1068 1860 1280 1926 himsegf
1308 1862 1352 1910 is
1388 1862 1549 1911 liable.
1630 1862 1761 1912 And
1778 1870 1868 1925 yet
1888 1878 1996 1925 you
2015 1861 2230 1927 sorguve
2270 1876 2344 1909 me

574 1945 684 1995 and
709 1944 798 2011 lcfl
826 1961 903 1994 me
932 1945 992 1994 in
1017 1945 1286 2009 possession
1316 1943 1379 2008 ff
1395 1945 1473 1994 all
1503 1962 1587 2010 my
1624 1943 1855 1995 honours.
1941 1946 2025 2010 (55
2056 1945 2105 2005 8,
2142 1947 2196 2009 9)
2235 1945 2348 1995 But

581 2029 772 2078 Tubero
809 2044 916 2077 was
951 2028 1010 2076 in
1049 2043 1189 2075 arms
1217 2028 1420 2091 against
1442 2042 1549 2090 you
1587 2034 1664 2076 too
1680 2042 1697 2077 :
1740 2028 1853 2076 and
1883 2043 1997 2077 now
2033 2032 2267 2076 ventures
2299 2034 2347 2077 to

573 2127 739 2160 accuse
763 2110 1010 2174 Ligarius
1031 2110 1093 2174 of
1100 2110 1184 2159 the
1210 2125 1345 2158 same
1366 2110 1571 2175 offm'

385 2266 414 2312 6
525 2246 770 2305 Nullum
825 2246 998 2323 igitur
1059 2245 1255 2316 habes
1315 2243 1548 2317 Caesar,
1607 2244 1797 2303 adhuc
1854 2246 1916 2302 in
1971 2244 2049 2318 Q.
2106 2244 2343 2321 Ligario

441 2345 674 2422 signum
703 2344 924 2403 alienae
968 2362 1003 2401 a
1044 2353 1101 2402 te
1129 2343 1475 2413 voluntatis3
1520 2344 1685 2402 cuius
1726 2362 1839 2419 ego
1882 2361 2117 2402 causam
2158 2343 2343 2401 anim-

440 2444 690 2515 adverte,
740 2461 979 2520 quaeso,
1028 2461 1144 2520 qua
1200 2440 1312 2500 fide
1361 2440 1694 2513 defendam,
1743 2442 1930 2519 prodo
1990 2459 2200 2499 meam.
2286 2440 2341 2500 O

440 2542 806 2602 clementiam
851 2540 1246 2599 admirabilem
1287 2550 1464 2617 atque
1500 2540 1771 2599 omnium
1812 2540 1997 2611 laude,
2043 2539 2342 2616 praedica-

441 2642 616 2711 tione,
671 2640 872 2698 litteris
926 2639 1440 2714 monumentisque
1496 2638 1926 2697 decorandam!
2029 2638 2183 2698 Cum
2253 2638 2339 2696 M.

440 2739 650 2798 Cicero
678 2738 834 2815 apud
863 2748 919 2797 te
947 2737 1206 2796 defendit
1248 2737 1425 2795 alium
1464 2737 1524 2795 in
1556 2755 1631 2795 ea
1658 2736 1951 2795 voluntate
1989 2756 2112 2795 non
2146 2737 2340 2810 fuisse,

437 2837 498 2896 in
529 2856 645 2914 qua
679 2856 739 2895 se
777 2837 970 2911 ipsum
1006 2835 1315 2894 confitetur
1349 2834 1545 2905 fuisse,
1577 2854 1687 2893 nec
1726 2843 1854 2893 tuas
1888 2835 2089 2894 tacitas
2127 2837 2339 2913 cogita·

437 2937 624 3007 tiones
653 2934 979 2994 extimescit
1006 2952 1133 3006 nee,
1165 2933 1304 3010 quid
1335 2933 1437 2992 tibi
1463 2933 1539 2992 de
1569 2933 1684 2993 alio
1713 2932 1967 2992 audienti
2005 2933 2078 2993 de
2113 2953 2174 2993 se
2213 2936 2339 3012 ipso

435 3042 712 3106 occurrat,
739 3031 1091 3115 reformidat.

519 3142 588 3203 3,
632 3131 801 3203 Vide,
831 3149 1010 3208 quam
1037 3148 1160 3187 non
1187 3129 1577 3201 reformidem,
1607 3129 1751 3201 vide,
1783 3140 2002 3207 quanta
2026 3131 2128 3189 lux
2168 3131 2338 3191 liber·

436 3230 640 3289 alitatis
670 3239 727 3289 et
755 3228 1068 3305 sapientiae
1106 3239 1240 3287 tuae
1279 3228 1420 3286 mihi
1457 3228 1614 3306 apud
1653 3239 1708 3287 te
1754 3230 1962 3288 dicenti
2004 3230 2338 3301 oboriatur;

436 3338 720 3405 quantum
742 3337 966 3405 potero,
979 3346 1122 3387 voce
1145 3328 1514 3400 contendam,
1538 3338 1601 3386 ut
1621 3327 1735 3387 hoc
1757 3328 2009 3405 populus
2032 3328 2339 3387 Romanus

381 3446 408 3499 7
436 3426 738 3487 exaudiat:
791 3426 1071 3504 Suscepto
1114 3426 1287 3499 bello,
1332 3426 1568 3500 Caesar,
1612 3438 1779 3505 gesto
1825 3428 2002 3487 etiam
2052 3447 2125 3487 ex
2176 3438 2337 3506 parte

2720 2120 2723 2189 -„
2702 2056 2723 2089 A·
2719 2028 2721 2031 ,
2698 1826 2725 1973 -ᾡ’
