2727 3901
677 961 782 1034 M.
891 955 1226 1031 TULLI
1339 955 1946 1030 CICERONIS

400 1205 642 1289 PRO
746 1205 868 1286 M.
957 1201 1645 1286 MARCELLO
1748 1201 2239 1286 ORATIO.

1145 1471 1463 1498 ——40———-

331 1691 336 1698 -
366 1659 684 1706 Exordium
711 1655 791 1718 (55
817 1655 930 1719 1-4)
943 1691 956 1703 .
1021 1655 1076 1702 It
1097 1653 1142 1702 is
1169 1649 1392 1703 Caesar’s
1413 1661 1493 1703 act
1510 1653 1725 1719 qurace
1757 1655 1975 1724 towards
1995 1655 2271 1704 Marcellus
2305 1690 2310 1695 .

498 1739 663 1788 which
685 1737 888 1802 compels
909 1752 986 1785 me
1006 1743 1054 1784 to
1077 1736 1224 1785 break
1245 1751 1330 1799 my
1351 1736 1472 1800 long
1486 1737 1677 1789 silence.

453 1891 518 1946 1.
561 1891 872 1950 D1u‘rURN1
923 1889 1144 1961 silentii,
1192 1899 1385 1965 patres
1435 1890 1764 1967 conscripti,
1808 1908 1927 1967 quo
1974 1907 2134 1948 eram
2180 1889 2270 1948 his
2299 1900 2326 1944 1

365 1992 724 2067 temporibus
770 2007 911 2049 usus
955 2008 1076 2048 non
1119 1988 1325 2047 timore
1375 1988 1589 2065 aliquo,
1636 1989 1740 2048 sed
1784 1989 1998 2065 partim
2047 1989 2269 2059 dolore,

367 2090 575 2166 partim
616 2088 976 2160 verecundia,
1023 2088 1201 2145 finem
1243 2085 1562 2145 hodiernus
1606 2087 1731 2145 dies
1773 2087 1957 2145 attulit
1999 2086 2271 2165 idemque

369 2187 613 2257 initium,
645 2205 794 2265 quae
822 2186 1029 2245 vellem
1057 2204 1321 2262 quaeque
1351 2186 1641 2257 sentirem,
1668 2204 1804 2245 meo
1833 2186 2077 2261 pristino
2107 2205 2271 2247 more

369 2285 613 2345 dicendi.
699 2285 957 2344 Tantam
1005 2285 1161 2341 enim
1207 2286 1733 2357 mansuetudinem,
1778 2296 1897 2343 tam
1940 2285 2272 2343 inusitatam

371 2384 805 2459 inauditamque
855 2382 1240 2453 clementiam,
1291 2391 1518 2441 tantum
1576 2384 1637 2440 in
1694 2402 1924 2442 summa
1978 2394 2271 2461 potestate

370 2501 562 2542 rerum
595 2482 860 2541 omnium
889 2479 1149 2551 modum,
1185 2488 1304 2537 tatn
1335 2480 1587 2558 denique
1616 2483 2011 2541 incredibilem
2042 2483 2272 2559 sapien-

370 2582 507 2639 tiam
540 2600 609 2640 ac
649 2598 838 2657 paene
869 2578 1123 2637 divinam
1153 2579 1356 2637 tacitus
1393 2581 1701 2655 praeterire
1730 2581 1892 2639 nullo
1922 2581 2102 2640 modo
2131 2599 2269 2657 pos-

371 2698 519 2738 sum.
606 2678 692 2737 M.
731 2678 889 2737 enim
931 2674 1216 2735 Marcello
1251 2678 1440 2749 vobiS,⁴
1468 2689 1662 2754 patres
1706 2680 2035 2755 conscripti,
2070 2680 2268 2756 reique
2296 2698 2325 2743 2

370 2778 635 2853 publicae
664 2776 889 2836 reddito
919 2792 1042 2834 non
1081 2775 1229 2833 illius
1257 2775 1466 2847 solum,
1496 2777 1600 2835 sed
1636 2778 1813 2836 etiam
1840 2796 2035 2837 meam
2064 2796 2271 2837 vocem

369 2887 425 2936 et
473 2876 875 2935 auctoritatem
918 2883 974 2932 et
1016 2873 1179 2933 vobis
1223 2883 1278 2932 et
1320 2875 1401 2932 rei
1444 2875 1711 2951 publicae
1754 2886 2154 2935 conservatam
2202 2896 2271 2936 ac

369 2977 689 3034 restitutam
745 2982 902 3050 puto.
1007 2971 1302 3031 Dolebam
1359 2974 1535 3045 enirn,
1580 2983 1775 3051 patres
1831 2976 2163 3052 conscripti,
2214 2986 2272 3034 et

368 3073 738 3133 vehementer
786 3072 1045 3147 angebar
1086 3071 1272 3128 virum
1315 3071 1508 3144 talem,
1556 3091 1691 3130 cum
1734 3074 1795 3130 in
1840 3074 2050 3131 eadem
2094 3092 2272 3133 causa

369 3174 428 3231 in
473 3190 588 3249 qua
633 3190 746 3248 ego
791 3170 1005 3241 fuisset,
1034 3188 1157 3228 non
1200 3170 1261 3227 in
1296 3170 1505 3229 eadem
1548 3190 1673 3230 esse
1708 3171 1942 3229 fortuna
1983 3190 2093 3231 nec
2127 3172 2271 3229 mihi

369 3270 716 3347 persuadere
772 3278 1039 3346 poteram
1083 3286 1197 3327 nec
1253 3268 1342 3327 fas
1398 3288 1523 3327 esse
1574 3269 1861 3329 ducebam
1908 3270 2116 3328 versari
2174 3289 2270 3328 me

368 3369 429 3426 in
485 3378 688 3431 nostro
733 3378 922 3425 vetere
979 3366 1260 3425 curriculo
1311 3368 1409 3451 illo
1466 3368 1695 3427 aemulo
1752 3378 1926 3444 atque
1982 3368 2268 3427 imitatore

370 3466 693 3525 studiorum
723 3484 791 3525 ac
823 3465 1092 3539 laborum
1121 3483 1392 3524 meorum
1425 3467 1588 3542 quasi
1618 3466 1875 3543 quodam
1906 3468 2068 3527 socio
2098 3485 2133 3525 a
2174 3484 2268 3524 me

1303 3583 1338 3623 B
